{"gold_per_floor":[113,113,123,143,155,187,205,93,93,107,107,119,144,144,144,242,242,254,73,73,73,83,112,112,130,130,148,148,48,74,74,74,176,176,191,241,259,481,494,494,44,44,44,44,62,62,73,91,91,91],"floor_reached":50,"playtime":4004,"items_purged":["Strike_G","Strike_G","Defend_G"],"score":574,"play_id":"1a17576b-d0a6-4c1c-b8c7-b247ee3f6352","local_time":"20210925231245","is_ascension_mode":false,"campfire_choices":[{"floor":15,"key":"REST"},{"floor":28,"key":"REST"},{"floor":32,"key":"REST"},{"floor":40,"key":"REST"},{"floor":42,"key":"REST"},{"data":"Apotheosis","floor":44,"key":"SMITH"},{"floor":49,"key":"REST"}],"neow_cost":"NONE","seed_source_timestamp":229161294140748,"circlet_count":0,"master_deck":["Strike_G","Strike_G","Defend_G","Defend_G","Defend_G","Survivor","Neutralize","Bouncing Flask+1","Crippling Poison","Blade Dance","Deadly Poison","Dagger Spray","Backflip","Deadly Poison","PiercingWail","Backflip","Well Laid Plans","After Image","CurseOfTheBell","Sucker Punch","Apotheosis+1","RitualDagger","Caltrops","Die Die Die","Flash of Steel","Poisoned Stab","Bouncing Flask","Prepared+1","Necronomicurse","Envenom","Outmaneuver+1","Flying Knee+1","Poisoned Stab+1","Backstab+1","Tactician","Venomology","Tactician","Terror","After Image"],"relics":["Ring of the Serpent","Mango","Bottled Flame","Mercury Hourglass","Calling Bell","Bird Faced Urn","Pear","Bronze Scales","Mummified Hand","Molten Egg 2","Red Mask","Necronomicon","FossilizedHelix","Question Card","Tingsha"],"potions_floor_usage":[27,33,33,47,48,50,50,50],"damage_taken":[{"damage":5,"enemies":"Small Slimes","floor":1,"turns":4},{"damage":0,"enemies":"Cultist","floor":3,"turns":3},{"damage":0,"enemies":"2 Louse","floor":4,"turns":2},{"damage":8,"enemies":"Red Slaver","floor":5,"turns":4},{"damage":27,"enemies":"Lagavulin","floor":6,"turns":6},{"damage":12,"enemies":"Large Slime","floor":7,"turns":5},{"damage":0,"enemies":"Exordium Wildlife","floor":10,"turns":2},{"damage":2,"enemies":"Looter","floor":12,"turns":3},{"damage":31,"enemies":"Gremlin Nob","floor":13,"turns":5},{"damage":18,"enemies":"Hexaghost","floor":16,"turns":8},{"damage":31,"enemies":"2 Thieves","floor":18,"turns":5},{"damage":12,"enemies":"Spheric Guardian","floor":22,"turns":4},{"damage":28,"enemies":"Gremlin Leader","floor":23,"turns":6},{"damage":20,"enemies":"Snake Plant","floor":25,"turns":4},{"damage":6,"enemies":"Cultist and Chosen","floor":27,"turns":6},{"damage":18,"enemies":"Masked Bandits","floor":30,"turns":4},{"damage":56,"enemies":"Automaton","floor":33,"turns":8},{"damage":7,"enemies":"Orb Walker","floor":35,"turns":3},{"damage":65,"enemies":"2 Orb Walkers","floor":36,"turns":5},{"damage":0,"enemies":"3 Shapes","floor":37,"turns":4},{"damage":30,"enemies":"Transient","floor":39,"turns":5},{"damage":19,"enemies":"4 Shapes","floor":45,"turns":4},{"damage":6,"enemies":"3 Darklings","floor":47,"turns":4},{"damage":20,"enemies":"Spire Growth","floor":48,"turns":5},{"damage":96,"enemies":"Donu and Deca","floor":50,"turns":7}],"seed_played":"-6264728690457445171","potions_obtained":[{"floor":4,"key":"Poison Potion"},{"floor":5,"key":"AttackPotion"},{"floor":12,"key":"PowerPotion"},{"floor":22,"key":"Ancient Potion"},{"floor":25,"key":"LiquidMemories"},{"floor":39,"key":"ColorlessPotion"},{"floor":47,"key":"SpeedPotion"}],"is_trial":false,"path_per_floor":["M","?","M","M","M","E","M","$","T","M","?","M","E","?","R","B",null,"M","$","?","?","M","E","?","M","T","M","R","$","?","?","R","B",null,"M","?","M","?","M","R","$","R","T","R","M","?","M","M","R","B"],"character_chosen":"THE_SILENT","items_purchased":["Expertise","Apotheosis","Question Card","Tactician"],"campfire_rested":6,"item_purchase_floors":[8,19,41,41],"current_hp_per_floor":[72,72,72,72,64,51,39,39,39,39,39,37,6,6,33,15,101,72,72,72,66,56,34,34,18,18,20,50,50,38,22,52,2,101,96,35,35,35,11,41,41,71,71,71,54,54,54,40,70,0],"gold":91,"neow_bonus":"TEN_PERCENT_HP_BONUS","is_prod":false,"is_daily":false,"chose_seed":false,"campfire_upgraded":1,"win_rate":0.0,"timestamp":1632582765,"path_taken":["M","?","M","?","M","E","M","$","T","M","?","?","E","?","R","BOSS","M","$","?","?","M","E","?","?","T","M","R","$","?","?","R","BOSS","M","?","M","?","M","R","$","R","T","R","M","?","?","M","R","BOSS"],"build_version":"2020-01-27","purchased_purges":3,"victory":false,"max_hp_per_floor":[77,77,77,77,77,91,91,91,91,91,91,91,91,91,91,91,101,101,101,101,101,101,101,101,101,101,101,101,101,101,101,101,101,101,101,101,101,101,101,101,101,101,101,101,101,101,101,101,101,101],"card_choices":[{"not_picked":["Blade Dance","Backflip"],"picked":"Bouncing Flask","floor":1},{"not_picked":["Backflip","Predator"],"picked":"Crippling Poison","floor":3},{"not_picked":["Underhanded Strike","Acrobatics"],"picked":"Blade Dance","floor":4},{"not_picked":["Deflect","PiercingWail"],"picked":"Deadly Poison","floor":5},{"not_picked":["Riddle With Holes","Unload"],"picked":"Dagger Spray","floor":6},{"not_picked":["Deadly Poison","Riddle With Holes"],"picked":"Backflip","floor":7},{"not_picked":["Prepared","Blade Dance"],"picked":"Deadly Poison","floor":10},{"not_picked":["Quick Slash","Sucker Punch"],"picked":"Backflip","floor":12},{"not_picked":["Slice","Dagger Spray"],"picked":"Well Laid Plans","floor":13},{"not_picked":["Adrenaline","A Thousand Cuts"],"picked":"After Image","floor":16},{"not_picked":["Outmaneuver","Underhanded Strike"],"picked":"Sucker Punch","floor":18},{"not_picked":["Sucker Punch+1","Deadly Poison"],"picked":"Caltrops","floor":22},{"not_picked":["Underhanded Strike","Slice"],"picked":"Die Die Die","floor":23},{"not_picked":["Infinite Blades","Slice"],"picked":"Poisoned Stab","floor":25},{"not_picked":["Outmaneuver","Deflect"],"picked":"Bouncing Flask","floor":27},{"not_picked":["Crippling Poison","Dagger Spray+1"],"picked":"Prepared+1","floor":30},{"not_picked":["Die Die Die+1","Wraith Form v2"],"picked":"Envenom","floor":33},{"not_picked":["Slice+1","Acrobatics"],"picked":"Outmaneuver+1","floor":35},{"not_picked":["Escape Plan+1","Dash+1"],"picked":"Flying Knee+1","floor":36},{"not_picked":["Underhanded Strike+1","Leg Sweep+1"],"picked":"Poisoned Stab+1","floor":37},{"not_picked":["Outmaneuver","Poisoned Stab+1"],"picked":"Backstab+1","floor":39},{"not_picked":["Crippling Poison","Flechettes+1","Prepared"],"picked":"Venomology","floor":45},{"not_picked":["Skewer+1","Quick Slash+1","Dodge and Roll"],"picked":"Terror","floor":47},{"not_picked":["Poisoned Stab+1","Outmaneuver","Dagger Spray+1"],"picked":"After Image","floor":48}],"player_experience":4171,"relics_obtained":[{"floor":6,"key":"Mango"},{"floor":9,"key":"Bottled Flame"},{"floor":13,"key":"Mercury Hourglass"},{"floor":17,"key":"Bird Faced Urn"},{"floor":17,"key":"Pear"},{"floor":17,"key":"Bronze Scales"},{"floor":23,"key":"Mummified Hand"},{"floor":26,"key":"Molten Egg 2"},{"floor":30,"key":"Red Mask"},{"floor":31,"key":"Necronomicon"},{"floor":36,"key":"FossilizedHelix"},{"floor":43,"key":"Tingsha"}],"event_choices":[{"cards_removed":["Defend_G"],"damage_healed":0,"gold_gain":0,"player_choice":"Purged","damage_taken":0,"max_hp_gain":0,"max_hp_loss":0,"event_name":"Purifier","floor":2,"gold_loss":0},{"damage_healed":0,"gold_gain":0,"cards_transformed":["Expertise"],"player_choice":"Transformed","damage_taken":0,"max_hp_gain":0,"max_hp_loss":0,"event_name":"Transmorgrifier","floor":11,"gold_loss":0,"cards_obtained":["PiercingWail"]},{"damage_healed":0,"gold_gain":0,"player_choice":"Upgraded","damage_taken":0,"max_hp_gain":0,"max_hp_loss":0,"event_name":"Upgrade Shrine","floor":14,"gold_loss":0,"cards_upgraded":["Bouncing Flask"]},{"cards_removed":["Strike_G"],"damage_healed":0,"gold_gain":0,"player_choice":"Elegance","damage_taken":0,"max_hp_gain":0,"max_hp_loss":0,"event_name":"Back to Basics","floor":20,"gold_loss":0},{"damage_healed":0,"gold_gain":0,"player_choice":"Joined the Cult","damage_taken":6,"max_hp_gain":0,"max_hp_loss":0,"event_name":"Nest","floor":21,"gold_loss":0,"cards_obtained":["RitualDagger"]},{"damage_healed":0,"gold_gain":0,"player_choice":"2 cards matched","damage_taken":0,"max_hp_gain":0,"max_hp_loss":0,"event_name":"Match and Keep!","floor":24,"gold_loss":0,"cards_obtained":["Flash of Steel","Unload"]},{"damage_healed":0,"gold_gain":0,"player_choice":"Fought Bandits","damage_taken":0,"max_hp_gain":0,"max_hp_loss":0,"event_name":"Masked Bandits","floor":30,"gold_loss":0},{"damage_healed":0,"gold_gain":0,"player_choice":"Obtained Book","damage_taken":16,"max_hp_gain":0,"max_hp_loss":0,"event_name":"Cursed Tome","floor":31,"gold_loss":0},{"damage_healed":0,"gold_gain":0,"player_choice":"Fight","damage_taken":0,"max_hp_gain":0,"max_hp_loss":0,"event_name":"Mysterious Sphere","floor":36,"gold_loss":0},{"damage_healed":0,"gold_gain":222,"player_choice":"Wore Mask","damage_taken":0,"max_hp_gain":0,"max_hp_loss":0,"event_name":"Tomb of Lord Red Mask","floor":38,"gold_loss":0},{"damage_healed":0,"gold_gain":0,"cards_transformed":["Unload"],"player_choice":"Transformed","damage_taken":0,"max_hp_gain":0,"max_hp_loss":0,"event_name":"Transmorgrifier","floor":46,"gold_loss":0,"cards_obtained":["Tactician"]}],"is_beta":false,"boss_relics":[{"not_picked":["Astrolabe","Runic Pyramid"],"picked":"Calling Bell"},{"not_picked":["Snecko Eye","Fusion Hammer"],"picked":"Ring of the Serpent"}],"items_purged_floors":[8,29,41],"is_endless":false,"potions_floor_spawned":[4,5,12,16,22,25,39,47],"killed_by":"Donu and Deca","ascension_level":0}