{"gold_per_floor":[112,62,62,82,99,99,129,129,156,181,191,291,309,88,88,88],"floor_reached":16,"playtime":1018,"items_purged":["Strike_G"],"score":100,"play_id":"03905150-8603-45c8-ae88-90f293335e02","local_time":"20210926001356","is_ascension_mode":false,"campfire_choices":[{"data":"Outmaneuver","floor":6,"key":"SMITH"},{"floor":8,"key":"REST"},{"floor":15,"key":"REST"}],"neow_cost":"NONE","seed_source_timestamp":235092670369840,"circlet_count":0,"master_deck":["Strike_G+1","Strike_G+1","Strike_G+1","Strike_G","Defend_G","Defend_G","Defend_G+1","Defend_G","Survivor","Neutralize","Dodge and Roll","Poisoned Stab","Outmaneuver+1","Poisoned Stab","Terror","Corpse Explosion"],"relics":["Ring of the Snake","Whetstone","Orichalcum","Snake Skull"],"potions_floor_usage":[7,11],"damage_taken":[{"damage":0,"enemies":"Small Slimes","floor":1,"turns":5},{"damage":3,"enemies":"2 Louse","floor":4,"turns":3},{"damage":0,"enemies":"Jaw Worm","floor":5,"turns":3},{"damage":32,"enemies":"3 Sentries","floor":7,"turns":13},{"damage":9,"enemies":"3 Louse","floor":11,"turns":3},{"damage":45,"enemies":"Gremlin Gang","floor":13,"turns":6},{"damage":29,"enemies":"Slime Boss","floor":16,"turns":7}],"seed_played":"-5826401377042252281","potions_obtained":[{"floor":4,"key":"Energy Potion"},{"floor":5,"key":"Poison Potion"},{"floor":11,"key":"Fruit Juice"}],"is_trial":false,"path_per_floor":["M","?","?","M","M","R","E","R","T","T","M","?","M","$","R","B"],"character_chosen":"THE_SILENT","items_purchased":["Corpse Explosion"],"campfire_rested":2,"item_purchase_floors":[14],"current_hp_per_floor":[77,77,62,59,59,59,27,50,50,50,46,46,1,1,25,0],"gold":88,"neow_bonus":"TEN_PERCENT_HP_BONUS","is_prod":false,"is_daily":false,"chose_seed":false,"campfire_upgraded":1,"win_rate":0.0,"timestamp":1632586436,"path_taken":["M","?","?","M","M","R","E","R","T","?","M","?","M","$","R","BOSS"],"build_version":"2020-01-27","purchased_purges":1,"victory":false,"max_hp_per_floor":[77,77,77,77,77,77,77,77,77,77,82,82,82,82,82,82],"card_choices":[{"not_picked":["Deflect","Skewer"],"picked":"Dodge and Roll","floor":1},{"not_picked":["Slice","Dodge and Roll"],"picked":"Poisoned Stab","floor":4},{"not_picked":["Choke","Expertise"],"picked":"Outmaneuver","floor":5},{"not_picked":["Escape Plan","Bane"],"picked":"Poisoned Stab","floor":7},{"not_picked":["Skewer","Reflex","Underhanded Strike"],"picked":"SKIP","floor":11},{"not_picked":["Heel Hook","Distraction"],"picked":"Terror","floor":13}],"player_experience":9175,"relics_obtained":[{"floor":7,"key":"Whetstone"},{"floor":9,"key":"Orichalcum"},{"floor":10,"key":"Snake Skull"}],"event_choices":[{"cards_removed":["Defend_G"],"damage_healed":0,"gold_gain":0,"player_choice":"Card Removal","damage_taken":0,"max_hp_gain":0,"max_hp_loss":0,"event_name":"The Cleric","floor":2,"gold_loss":50},{"damage_healed":0,"gold_gain":0,"player_choice":"Entered Light","damage_taken":15,"max_hp_gain":0,"max_hp_loss":0,"event_name":"Shining Light","floor":3,"gold_loss":0,"cards_upgraded":["Strike_G","Defend_G"]},{"damage_healed":0,"gold_gain":100,"player_choice":"Pray","damage_taken":0,"max_hp_gain":0,"max_hp_loss":0,"event_name":"Golden Shrine","floor":12,"gold_loss":0}],"is_beta":false,"boss_relics":[],"items_purged_floors":[14],"is_endless":false,"potions_floor_spawned":[4,5,11],"killed_by":"Slime Boss","ascension_level":0}