{"gold_per_floor":[116,9,9,25,25,58,70,70,120,120,45,45,58,70,70,170,170,189,175,100,200,217,242,261,161,186,186,199,12,44,44,44,145,145,159,34,34,46,58,58,20,31,31,56,406,406,76,92,92,92],"floor_reached":51,"playtime":4724,"items_purged":["Strike_G","Strike_G","Strike_G","Strike_G"],"score":795,"play_id":"71e873ea-81a2-4a7a-bf51-85d95cd66c68","local_time":"20210930000317","is_ascension_mode":false,"campfire_choices":[{"data":"Bouncing Flask","floor":12,"key":"SMITH"},{"data":"Noxious Fumes","floor":15,"key":"SMITH"},{"floor":27,"key":"REST"},{"floor":32,"key":"REST"},{"data":"Calculated Gamble","floor":40,"key":"SMITH"},{"data":"Catalyst","floor":49,"key":"SMITH"}],"neow_cost":"NONE","seed_source_timestamp":531503468278988,"circlet_count":0,"master_deck":["Strike_G+1","Defend_G+1","Defend_G+1","Defend_G+1","Survivor","Neutralize","Calculated Gamble+1","Noxious Fumes+1","Bouncing Flask+1","Dodge and Roll","Blur","Neutralize","Poisoned Stab","Acrobatics","Footwork+1","Envenom+1","Outmaneuver+1","Catalyst+1","Outmaneuver+1","Noxious Fumes+1","Corpse Explosion","Blur","Infinite Blades+1","Catalyst+1","Noxious Fumes+1","Bullet Time","Panache+1"],"relics":["Ring of the Snake","War Paint","Frozen Egg 2","Pantograph","Centennial Puzzle","Runic Pyramid","Bottled Tornado","Orichalcum","Happy Flower","Red Mask","SlaversCollar","Pear","MealTicket","Old Coin"],"potions_floor_usage":[6,16,16,30,33,42,44,50,50,50],"damage_taken":[{"damage":0,"enemies":"Cultist","floor":1,"turns":3},{"damage":0,"enemies":"2 Louse","floor":4,"turns":4},{"damage":20,"enemies":"Gremlin Nob","floor":6,"turns":5},{"damage":5,"enemies":"Jaw Worm","floor":7,"turns":4},{"damage":0,"enemies":"Exordium Wildlife","floor":13,"turns":3},{"damage":0,"enemies":"2 Fungi Beasts","floor":14,"turns":3},{"damage":40,"enemies":"Slime Boss","floor":16,"turns":11},{"damage":4,"enemies":"3 Byrds","floor":18,"turns":4},{"damage":19,"enemies":"2 Thieves","floor":19,"turns":5},{"damage":23,"enemies":"Shelled Parasite and Fungi","floor":22,"turns":6},{"damage":7,"enemies":"Book of Stabbing","floor":23,"turns":7},{"damage":3,"enemies":"Snecko","floor":24,"turns":5},{"damage":3,"enemies":"Sentry and Sphere","floor":28,"turns":5},{"damage":46,"enemies":"Masked Bandits","floor":30,"turns":6},{"damage":0,"enemies":"Automaton","floor":33,"turns":9},{"damage":13,"enemies":"3 Shapes","floor":35,"turns":4},{"damage":3,"enemies":"Orb Walker","floor":38,"turns":5},{"damage":0,"enemies":"Maw","floor":39,"turns":7},{"damage":11,"enemies":"Transient","floor":42,"turns":5},{"damage":17,"enemies":"Reptomancer","floor":44,"turns":4},{"damage":3,"enemies":"Mind Bloom Boss Battle","floor":45,"turns":5},{"damage":11,"enemies":"Spire Growth","floor":48,"turns":5},{"damage":67,"enemies":"Awakened One","floor":50,"turns":11}],"seed_played":"-1818336216532942226","potions_obtained":[{"floor":1,"key":"PowerPotion"},{"floor":6,"key":"Fruit Juice"},{"floor":13,"key":"Dexterity Potion"},{"floor":22,"key":"Regen Potion"},{"floor":24,"key":"FearPotion"},{"floor":30,"key":"BlessingOfTheForge"},{"floor":33,"key":"DuplicationPotion"},{"floor":35,"key":"GamblersBrew"},{"floor":38,"key":"Explosive Potion"},{"floor":44,"key":"Fruit Juice"},{"floor":45,"key":"Poison Potion"},{"floor":48,"key":"Block Potion"}],"is_trial":false,"path_per_floor":["M","$","?","M","?","E","M","T","T","?","$","R","M","M","R","B",null,"M","M","?","?","M","E","M","$","T","R","M","$","?","$","R","B",null,"M","$","?","M","M","R","$","M","T","E","?","?","$","M","R","B",null],"character_chosen":"THE_SILENT","items_purchased":["Noxious Fumes","Bouncing Flask","Happy Flower","Noxious Fumes+1","Infinite Blades+1","Panache+1"],"campfire_rested":2,"item_purchase_floors":[2,2,29,29,41,47],"current_hp_per_floor":[70,70,70,70,70,55,50,50,50,35,35,35,35,35,35,20,75,71,52,52,52,29,22,19,19,19,41,38,38,7,7,29,54,75,62,62,62,59,59,59,59,48,58,46,68,68,83,72,72,18],"gold":92,"neow_bonus":"RANDOM_COMMON_RELIC","is_prod":false,"is_daily":false,"chose_seed":false,"campfire_upgraded":4,"win_rate":0.0,"timestamp":1632931397,"path_taken":["M","?","?","?","?","E","M","?","T","?","?","R","?","M","R","BOSS","M","M","?","?","?","E","M","$","T","R","M","$","?","$","R","BOSS","M","$","?","?","?","R","?","M","T","E","?","?","?","M","R","BOSS"],"build_version":"2020-01-27","purchased_purges":4,"victory":true,"max_hp_per_floor":[70,70,70,70,70,75,75,75,75,75,75,75,75,75,75,75,75,75,75,75,75,75,75,75,75,75,75,75,75,75,75,75,75,75,75,75,75,75,75,75,75,75,85,90,90,85,85,85,85,85],"card_choices":[{"not_picked":["Escape Plan","Leg Sweep"],"picked":"Calculated Gamble","floor":1},{"not_picked":["Heel Hook","Sucker Punch","PiercingWail"],"picked":"SKIP","floor":4},{"not_picked":["Outmaneuver","Quick Slash"],"picked":"Poisoned Stab","floor":6},{"not_picked":["Reflex","Well Laid Plans+1","Expertise"],"picked":"SKIP","floor":7},{"not_picked":["Eviscerate","Prepared"],"picked":"Acrobatics","floor":13},{"not_picked":["Dash","Riddle With Holes"],"picked":"Footwork+1","floor":14},{"not_picked":["Die Die Die","Malaise"],"picked":"Envenom+1","floor":16},{"not_picked":["Outmaneuver","Slice","Endless Agony+1"],"picked":"SKIP","floor":18},{"not_picked":["Dash","Blur"],"picked":"Outmaneuver+1","floor":19},{"not_picked":["Dagger Throw","PiercingWail","Poisoned Stab"],"picked":"SKIP","floor":22},{"not_picked":["Footwork+1","Distraction"],"picked":"Catalyst","floor":23},{"not_picked":["Caltrops+1","Acrobatics"],"picked":"Outmaneuver+1","floor":24},{"not_picked":["Finisher+1","Flying Knee","Poisoned Stab"],"picked":"SKIP","floor":28},{"not_picked":["Phantasmal Killer","Malaise"],"picked":"Corpse Explosion","floor":33},{"not_picked":["Reflex","PiercingWail+1","Caltrops+1"],"picked":"SKIP","floor":35},{"not_picked":["Endless Agony","PiercingWail","Choke"],"picked":"SKIP","floor":38},{"not_picked":["Well Laid Plans+1","Deadly Poison+1"],"picked":"Blur","floor":39},{"not_picked":["Bane","Sucker Punch+1"],"picked":"Catalyst+1","floor":42},{"not_picked":["Outmaneuver+1","Quick Slash+1"],"picked":"Noxious Fumes+1","floor":44},{"not_picked":["Dagger Throw","Bane+1"],"picked":"Bullet Time","floor":45},{"not_picked":["Backflip+1","Poisoned Stab+1","Endless Agony+1"],"picked":"SKIP","floor":48}],"player_experience":16607,"relics_obtained":[{"floor":6,"key":"Frozen Egg 2"},{"floor":8,"key":"Pantograph"},{"floor":9,"key":"Centennial Puzzle"},{"floor":23,"key":"Bottled Tornado"},{"floor":26,"key":"Orichalcum"},{"floor":30,"key":"Red Mask"},{"floor":43,"key":"Pear"},{"floor":44,"key":"MealTicket"},{"floor":45,"key":"Old Coin"}],"event_choices":[{"damage_healed":0,"gold_gain":0,"player_choice":"3 cards matched","damage_taken":0,"max_hp_gain":0,"max_hp_loss":0,"event_name":"Match and Keep!","floor":3,"gold_loss":0,"cards_obtained":["Dodge and Roll","Blur","Neutralize"]},{"cards_removed":["Defend_G"],"damage_healed":0,"gold_gain":0,"player_choice":"Forget","damage_taken":0,"max_hp_gain":0,"max_hp_loss":0,"event_name":"Living Wall","floor":5,"gold_loss":0},{"damage_healed":0,"gold_gain":0,"player_choice":"Entered Light","damage_taken":15,"max_hp_gain":0,"max_hp_loss":0,"event_name":"Shining Light","floor":10,"gold_loss":0,"cards_upgraded":["Strike_G","Defend_G"]},{"cards_removed":["Defend_G"],"damage_healed":0,"gold_gain":0,"player_choice":"Gave Gold","damage_taken":0,"max_hp_gain":0,"max_hp_loss":0,"event_name":"Beggar","floor":20,"gold_loss":75},{"damage_healed":0,"gold_gain":100,"player_choice":"Pray","damage_taken":0,"max_hp_gain":0,"max_hp_loss":0,"event_name":"Golden Shrine","floor":21,"gold_loss":0},{"damage_healed":0,"gold_gain":0,"player_choice":"Fought Bandits","damage_taken":0,"max_hp_gain":0,"max_hp_loss":0,"event_name":"Masked Bandits","floor":30,"gold_loss":0},{"damage_healed":0,"gold_gain":0,"player_choice":"Ignored","damage_taken":0,"max_hp_gain":0,"max_hp_loss":0,"event_name":"NoteForYourself","floor":37,"gold_loss":0},{"damage_healed":0,"gold_gain":0,"player_choice":"Fight","damage_taken":0,"max_hp_gain":0,"max_hp_loss":0,"event_name":"MindBloom","floor":45,"gold_loss":0},{"damage_healed":0,"gold_gain":0,"player_choice":"Max HP","damage_taken":0,"max_hp_gain":0,"max_hp_loss":5,"event_name":"Winding Halls","floor":46,"gold_loss":0}],"is_beta":false,"boss_relics":[{"not_picked":["SacredBark","Velvet Choker"],"picked":"Runic Pyramid"},{"not_picked":["Astrolabe","Empty Cage"],"picked":"SlaversCollar"}],"items_purged_floors":[11,25,36,47],"is_endless":false,"potions_floor_spawned":[1,6,13,22,24,30,33,35,38,44,45,48],"ascension_level":0}