{"gold_per_floor":[111,111,36,36,36,71,71,100,154,168,168,168,68,82,82,178,178,195,195,229,245,245,94,34,34,89,121,131,131,141,141,141,246,246,261,276,290,639,658,692,742,768,817,827,827,857,265,285,285,285],"floor_reached":51,"playtime":2735,"items_purged":["Strike_G","Defend_G","Defend_G","Corpse Explosion"],"score":1184,"play_id":"63904778-d557-4003-8f87-c44269f3761b","local_time":"20211010110947","is_ascension_mode":true,"campfire_choices":[{"data":"Acrobatics","floor":7.0,"key":"SMITH"},{"data":"Footwork","floor":15.0,"key":"SMITH"},{"data":"Adrenaline","floor":25,"key":"SMITH"},{"data":"Concentrate","floor":29,"key":"SMITH"},{"data":"Acrobatics","floor":32,"key":"SMITH"},{"data":"Tactician","floor":45,"key":"SMITH"},{"data":"Adrenaline","floor":49,"key":"SMITH"}],"neow_cost":"NONE","seed_source_timestamp":287605994730943,"circlet_count":0,"master_deck":["Survivor","Neutralize+1","Backflip","Acrobatics+1","Grand Finale+1","Footwork+1","Adrenaline+1","Acrobatics+1","Grand Finale+1","Footwork+1","Concentrate+1","Prepared+1","Acrobatics+1","Tactician+1","Wraith Form v2","Adrenaline+1"],"special_seed":0,"relics":["Ring of the Serpent","NeowsBlessing","Mummified Hand","Shuriken","Akabeko","Astrolabe","Red Mask","Blood Vial","Bag of Marbles","Old Coin","Gambling Chip","Thread and Needle","Letter Opener","Happy Flower","TheAbacus","Whetstone","Ancient Tea Set"],"potions_floor_usage":[],"damage_taken":[{"damage":0.0,"enemies":"Jaw Worm","floor":1.0,"turns":1.0},{"damage":0.0,"enemies":"Lagavulin","floor":6.0,"turns":1.0},{"damage":0.0,"enemies":"3 Sentries","floor":8.0,"turns":1.0},{"damage":0.0,"enemies":"2 Louse","floor":10.0,"turns":2.0},{"damage":0.0,"enemies":"Small Slimes","floor":14.0,"turns":1.0},{"damage":26,"enemies":"The Guardian","floor":16,"turns":16},{"damage":0,"enemies":"Spheric Guardian","floor":18,"turns":1},{"damage":0,"enemies":"Masked Bandits","floor":20,"turns":2},{"damage":0,"enemies":"Chosen","floor":21,"turns":1},{"damage":0,"enemies":"Gremlin Leader","floor":27,"turns":1},{"damage":0,"enemies":"Centurion and Healer","floor":28,"turns":1},{"damage":0,"enemies":"Shelled Parasite and Fungi","floor":30,"turns":1},{"damage":0,"enemies":"Collector","floor":33,"turns":1},{"damage":4,"enemies":"3 Shapes","floor":35,"turns":1},{"damage":0,"enemies":"3 Darklings","floor":36,"turns":1},{"damage":0,"enemies":"Sphere and 2 Shapes","floor":37,"turns":1},{"damage":0,"enemies":"2 Orb Walkers","floor":38,"turns":1},{"damage":0,"enemies":"Jaw Worm Horde","floor":39,"turns":1},{"damage":0,"enemies":"Reptomancer","floor":40,"turns":1},{"damage":0,"enemies":"Mind Bloom Boss Battle","floor":41,"turns":1},{"damage":0,"enemies":"Nemesis","floor":42,"turns":1},{"damage":8,"enemies":"4 Shapes","floor":44,"turns":1},{"damage":0,"enemies":"Reptomancer","floor":46,"turns":1},{"damage":0,"enemies":"Spire Growth","floor":48,"turns":1},{"damage":0,"enemies":"Donu and Deca","floor":50,"turns":1}],"seed_played":"5599544777919619764","potions_obtained":[{"floor":1.0,"key":"GhostInAJar"},{"floor":8.0,"key":"SpeedPotion"},{"floor":18,"key":"EssenceOfSteel"},{"floor":33,"key":"LiquidMemories"}],"is_trial":false,"path_per_floor":["M","?","$","?","$","E","R","E","T","M","?","?","$","M","R","B",null,"M","?","?","M","?","$","?","R","T","E","M","R","M","?","R","B",null,"M","M","M","?","M","E","?","E","T","M","R","E","$","M","R","B",null],"character_chosen":"THE_SILENT","items_purchased":["Acrobatics","TheAbacus","Whetstone","Ancient Tea Set"],"campfire_rested":0,"item_purchase_floors":[23,47,47,47],"current_hp_per_floor":[70,75,75,75,75,75,75,75,75,75,68,68,68,68,68,42,75,75,75,75,75,61,61,61,61,61,63,65,65,67,67,67,69,80,76,78,80,80,80,80,80,80,80,72,72,74,74,76,76,78],"gold":285,"neow_bonus":"THREE_ENEMY_KILL","is_prod":false,"is_daily":false,"chose_seed":false,"campfire_upgraded":7,"win_rate":0,"timestamp":1633835387,"path_taken":["M","?","$","?","$","E","R","E","T","M","?","?","?","M","R","BOSS","M","?","?","M","?","$","?","R","T","E","?","R","M","?","R","BOSS","M","M","M","?","M","E","?","E","T","M","R","E","$","M","R","BOSS"],"build_version":"2020-01-27","purchased_purges":4,"victory":true,"max_hp_per_floor":[70,75,75,75,75,75,75,75,75,75,75,75,75,75,75,75,75,75,75,75,75,80,80,80,80,80,80,80,80,80,80,80,80,80,80,80,80,80,80,80,80,80,80,80,80,80,80,80,80,80],"card_choices":[{"not_picked":["Bane","Outmaneuver"],"picked":"Backflip","floor":1.0},{"not_picked":["A Thousand Cuts","Blur"],"picked":"Acrobatics","floor":6.0},{"not_picked":["Acrobatics","Deflect"],"picked":"Grand Finale","floor":8.0},{"not_picked":["Bane","Quick Slash","Infinite Blades"],"picked":"SKIP","floor":10.0},{"not_picked":["Dodge and Roll","Expertise"],"picked":"Footwork","floor":14.0},{"not_picked":["Corpse Explosion","Glass Knife"],"picked":"Adrenaline","floor":16},{"not_picked":["Flying Knee","Deflect+1","Bane"],"picked":"SKIP","floor":18},{"not_picked":["Outmaneuver+1","Sucker Punch"],"picked":"Prepared+1","floor":21},{"not_picked":["A Thousand Cuts","Blade Dance","Burst"],"picked":"SKIP","floor":27},{"not_picked":["Well Laid Plans","PiercingWail","Deadly Poison+1"],"picked":"SKIP","floor":28},{"not_picked":["Slice","Skewer"],"picked":"Tactician","floor":30},{"not_picked":["Venomology","Tools of the Trade"],"picked":"Adrenaline","floor":33},{"not_picked":["Cloak And Dagger","Flying Knee","Backstab"],"picked":"SKIP","floor":35},{"not_picked":["Slice+1","PiercingWail+1","Crippling Poison"],"picked":"SKIP","floor":36},{"not_picked":["Deflect","Storm of Steel","Sucker Punch+1"],"picked":"SKIP","floor":37},{"not_picked":["Cloak And Dagger","Prepared","Endless Agony"],"picked":"SKIP","floor":39},{"not_picked":["Adrenaline","PiercingWail","Choke"],"picked":"SKIP","floor":40},{"not_picked":["Bane+1","Leg Sweep+1","Outmaneuver"],"picked":"SKIP","floor":42},{"not_picked":["Terror","Underhanded Strike+1","Dagger Spray+1"],"picked":"SKIP","floor":44},{"not_picked":["Blade Dance+1","Finisher","Prepared+1"],"picked":"SKIP","floor":46},{"not_picked":["Outmaneuver","Well Laid Plans+1","Deflect+1"],"picked":"SKIP","floor":48}],"player_experience":126576,"relics_obtained":[{"floor":6.0,"key":"Mummified Hand"},{"floor":8.0,"key":"Shuriken"},{"floor":9.0,"key":"Akabeko"},{"floor":20,"key":"Red Mask"},{"floor":26,"key":"Blood Vial"},{"floor":27,"key":"Bag of Marbles"},{"floor":38,"key":"Old Coin"},{"floor":40,"key":"Gambling Chip"},{"floor":41,"key":"Thread and Needle"},{"floor":42,"key":"Letter Opener"},{"floor":43,"key":"Happy Flower"}],"event_choices":[{"damage_healed":0.0,"max_hp_gain":5.0,"max_hp_loss":0.0,"gold_gain":0.0,"event_name":"Big Fish","player_choice":"Donut","floor":2.0,"gold_loss":0.0,"damage_taken":0.0},{"damage_healed":0.0,"max_hp_gain":0.0,"max_hp_loss":0.0,"gold_gain":0.0,"event_name":"Shining Light","player_choice":"Ignored","floor":4.0,"gold_loss":0.0,"damage_taken":0.0},{"cards_removed":["Strike_G"],"damage_healed":0.0,"max_hp_gain":0.0,"max_hp_loss":0.0,"gold_gain":0.0,"event_name":"Golden Wing","player_choice":"Card Removal","floor":11.0,"gold_loss":0.0,"damage_taken":7.0},{"damage_healed":0.0,"max_hp_gain":0.0,"max_hp_loss":0.0,"gold_gain":0.0,"event_name":"Liars Game","player_choice":"Ignored","floor":12.0,"gold_loss":0.0,"damage_taken":0.0},{"damage_healed":0,"gold_gain":0,"player_choice":"Read","damage_taken":0,"max_hp_gain":0,"max_hp_loss":0,"event_name":"The Library","floor":19,"gold_loss":0,"cards_obtained":["Concentrate"]},{"damage_healed":0,"gold_gain":0,"player_choice":"Fought Bandits","damage_taken":0,"max_hp_gain":0,"max_hp_loss":0,"event_name":"Masked Bandits","floor":20,"gold_loss":0},{"damage_healed":0,"gold_gain":0,"player_choice":"Shed Blood","damage_taken":19,"max_hp_gain":5,"max_hp_loss":0,"event_name":"Forgotten Altar","floor":22,"gold_loss":0},{"cards_removed":["Strike_G"],"damage_healed":0,"gold_gain":0,"player_choice":"Single Remove","damage_taken":0,"max_hp_gain":0,"max_hp_loss":0,"event_name":"Designer","floor":24,"gold_loss":60},{"damage_healed":0,"gold_gain":0,"cards_transformed":["Defend_G","Defend_G"],"player_choice":"Became Test Subject","damage_taken":0,"max_hp_gain":0,"max_hp_loss":0,"event_name":"Drug Dealer","floor":31,"gold_loss":0,"cards_obtained":["Wraith Form v2","Corpse Explosion"]},{"damage_healed":0,"gold_gain":0,"player_choice":"Fight","damage_taken":0,"max_hp_gain":0,"max_hp_loss":0,"event_name":"Mysterious Sphere","floor":38,"gold_loss":0},{"damage_healed":0,"gold_gain":0,"player_choice":"Fight","damage_taken":0,"max_hp_gain":0,"max_hp_loss":0,"event_name":"MindBloom","floor":41,"gold_loss":0}],"is_beta":false,"boss_relics":[{"not_picked":["Philosopher\u0027s Stone","Runic Dome"],"picked":"Astrolabe"},{"not_picked":["Calling Bell","Snecko Eye"],"picked":"Ring of the Serpent"}],"items_purged_floors":[3,13,23,47],"is_endless":false,"potions_floor_spawned":[1,8,18,21,33,35,36,40,44,48],"ascension_level":3}