{"gold_per_floor":[117,117,42,42,42,75,75,100,126,126,126,139,139,160,160,291,291,312,137,137,237,336,370,370,370,370,410,410,425,425,465,465,594,594,614,638,513,538,871,871,905,923,923,973,973,990,1025,95,95,95,95,95,33,67,67],"floor_reached":56,"playtime":4583,"items_purged":["Pain","Dash","Deadly Poison","Dagger Spray"],"score":1460,"play_id":"63baba2d-386c-4d70-a8a5-b4d5c09bbb69","local_time":"20211010150246","is_ascension_mode":true,"campfire_choices":[{"floor":7.0,"key":"RECALL"},{"floor":13.0,"key":"REST"},{"data":"Adrenaline","floor":15.0,"key":"SMITH"},{"data":"Envenom","floor":25.0,"key":"SMITH"},{"floor":28.0,"key":"REST"},{"data":"Adrenaline","floor":30.0,"key":"SMITH"},{"data":"Bouncing Flask","floor":32.0,"key":"PURGE"},{"data":"After Image","floor":40.0,"key":"SMITH"},{"data":"Tactician","floor":49.0,"key":"SMITH"},{"data":"Survivor","floor":52.0,"key":"PURGE"}],"neow_cost":"CURSE","seed_source_timestamp":299662877796358,"circlet_count":0,"master_deck":["Neutralize","Adrenaline+1","PiercingWail","Backflip","Tools of the Trade","Cloak And Dagger","Unload","Concentrate","Envenom+1","Skewer","Burst","Prepared","Blade Dance","Reflex","Ghostly","Ghostly","Ghostly","Ghostly","Ghostly","Adrenaline+1","Acrobatics","Blade Dance","After Image+1","Accuracy","Backflip","Adrenaline","Madness","Madness","Tactician+1","Calculated Gamble"],"special_seed":0,"relics":["Ring of the Snake","WarpedTongs","Juzu Bracelet","Nunchaku","Pandora\u0027s Box","Bag of Preparation","Enchiridion","Shuriken","Ninja Scroll","Peace Pipe","Black Star","PreservedInsect","The Courier","The Specimen","Pocketwatch","Pen Nib","Anchor","Ornamental Fan","FossilizedHelix","OrangePellets","Eternal Feather","StoneCalendar","Mango"],"potions_floor_usage":[55,55],"damage_taken":[{"damage":1.0,"enemies":"Jaw Worm","floor":1.0,"turns":6.0},{"damage":21.0,"enemies":"Lagavulin","floor":6.0,"turns":9.0},{"damage":1.0,"enemies":"Cultist","floor":12.0,"turns":3.0},{"damage":0.0,"enemies":"2 Louse","floor":14.0,"turns":2.0},{"damage":30.0,"enemies":"Slime Boss","floor":16.0,"turns":14.0},{"damage":8.0,"enemies":"Shell Parasite","floor":18.0,"turns":4.0},{"damage":4.0,"enemies":"Book of Stabbing","floor":23.0,"turns":7.0},{"damage":2.0,"enemies":"Slavers","floor":27.0,"turns":5.0},{"damage":0.0,"enemies":"2 Thieves","floor":29.0,"turns":3.0},{"damage":0.0,"enemies":"Book of Stabbing","floor":31.0,"turns":5.0},{"damage":3.0,"enemies":"Champ","floor":33.0,"turns":7.0},{"damage":4.0,"enemies":"3 Shapes","floor":35.0,"turns":3.0},{"damage":4.0,"enemies":"3 Darklings","floor":36.0,"turns":4.0},{"damage":4.0,"enemies":"Sphere and 2 Shapes","floor":38.0,"turns":4.0},{"damage":0.0,"enemies":"Reptomancer","floor":41.0,"turns":3.0},{"damage":0.0,"enemies":"Jaw Worm Horde","floor":42.0,"turns":3.0},{"damage":0.0,"enemies":"Mind Bloom Boss Battle","floor":44.0,"turns":3.0},{"damage":0.0,"enemies":"Transient","floor":46.0,"turns":5.0},{"damage":0.0,"enemies":"Giant Head","floor":47.0,"turns":5.0},{"damage":0.0,"enemies":"Donu and Deca","floor":50.0,"turns":7.0},{"damage":0,"enemies":"Shield and Spear","floor":54,"turns":6},{"damage":9,"enemies":"The Heart","floor":55,"turns":6}],"seed_played":"-2866606870223460606","potions_obtained":[{"floor":12.0,"key":"SpeedPotion"},{"floor":14.0,"key":"GhostInAJar"},{"floor":29.0,"key":"LiquidMemories"},{"floor":31.0,"key":"LiquidBronze"},{"floor":35.0,"key":"FearPotion"},{"floor":46.0,"key":"Explosive Potion"}],"is_trial":false,"path_per_floor":["M","?","$","$","?","E","R","T","T","?","?","M","R","M","R","B",null,"M","$","?","?","?","E","?","R","T","E","R","M","R","E","R","B",null,"M","M","$","M","?","R","E","M","T","?","?","M","E","$","R","B",null,"R","$","E","B",null],"character_chosen":"THE_SILENT","items_purchased":["Reflex","Tactician","Ornamental Fan","FossilizedHelix","OrangePellets","Eternal Feather","Calculated Gamble"],"campfire_rested":2,"item_purchase_floors":[19,48,48,48,48,48,53],"current_hp_per_floor":[69,69,69,69,52,31,31,31,31,31,31,30,51,51,51,21,70,62,62,35,35,35,31,15,15,15,13,23,23,23,23,23,20,35,31,27,27,23,23,23,23,23,23,23,19,19,19,19,35,35,35,35,35,49,40],"gold":67,"neow_bonus":"THREE_RARE_CARDS","is_prod":false,"is_daily":false,"chose_seed":false,"campfire_upgraded":5,"win_rate":0,"timestamp":1633849366,"path_taken":["M","?","?","$","?","E","R","?","T","?","?","M","R","M","R","BOSS","M","$","?","?","?","E","?","R","T","E","R","M","R","E","R","BOSS","M","M","$","M","?","R","E","M","T","?","?","M","E","$","R","BOSS","R","$","E","BOSS"],"build_version":"2020-12-13","purchased_purges":4,"victory":true,"max_hp_per_floor":[70,70,70,70,70,70,70,70,70,70,70,70,70,70,70,70,70,70,70,35,35,35,35,35,35,35,35,35,35,35,35,35,35,35,35,35,35,35,35,35,35,35,35,35,35,35,35,35,35,35,35,35,35,49,49],"card_choices":[{"not_picked":["Unload","Glass Knife"],"picked":"Adrenaline","floor":0.0},{"not_picked":["Heel Hook","Choke"],"picked":"Dagger Spray","floor":1.0},{"not_picked":["Quick Slash","Outmaneuver","Bane"],"picked":"SKIP","floor":6.0},{"not_picked":["Caltrops","Finisher"],"picked":"PiercingWail","floor":12.0},{"not_picked":["Backstab","Dodge and Roll"],"picked":"Backflip","floor":14.0},{"not_picked":["Corpse Explosion","Venomology"],"picked":"Tools of the Trade","floor":16.0},{"not_picked":["Leg Sweep","Dagger Spray"],"picked":"Blade Dance","floor":18.0},{"not_picked":["Flechettes+1","Riddle With Holes","Deadly Poison"],"picked":"SKIP","floor":23.0},{"not_picked":["Infinite Blades","Backflip"],"picked":"Adrenaline","floor":27.0},{"not_picked":["Expertise","Riddle With Holes+1"],"picked":"Acrobatics","floor":29.0},{"not_picked":["Outmaneuver","Terror"],"picked":"Blade Dance","floor":31.0},{"not_picked":["Unload","Corpse Explosion"],"picked":"After Image","floor":33.0},{"not_picked":["Cloak And Dagger","PiercingWail+1"],"picked":"Accuracy","floor":35.0},{"not_picked":["Dagger Spray","Deflect","Sucker Punch"],"picked":"SKIP","floor":36.0},{"not_picked":["Quick Slash","Expertise+1"],"picked":"Backflip","floor":38.0},{"not_picked":["Poisoned Stab+1","Flying Knee"],"picked":"Adrenaline","floor":41.0},{"not_picked":["Well Laid Plans","Outmaneuver+1","All Out Attack"],"picked":"SKIP","floor":42.0},{"not_picked":["Predator+1","Deadly Poison+1","Well Laid Plans"],"picked":"SKIP","floor":46.0},{"not_picked":["Eviscerate+1","Dagger Throw+1","Caltrops+1"],"picked":"SKIP","floor":47.0},{"not_picked":["Distraction","Flechettes","Cloak And Dagger"],"picked":"SKIP","floor":54}],"player_experience":129311,"relics_obtained":[{"floor":6.0,"key":"Juzu Bracelet"},{"floor":8.0,"key":"Nunchaku"},{"floor":23.0,"key":"Bag of Preparation"},{"floor":24.0,"key":"Enchiridion"},{"floor":26.0,"key":"Shuriken"},{"floor":27.0,"key":"Ninja Scroll"},{"floor":31.0,"key":"Peace Pipe"},{"floor":41.0,"key":"PreservedInsect"},{"floor":41.0,"key":"The Courier"},{"floor":43.0,"key":"The Specimen"},{"floor":44.0,"key":"Pocketwatch"},{"floor":47.0,"key":"Pen Nib"},{"floor":47.0,"key":"Anchor"},{"floor":54,"key":"StoneCalendar"},{"floor":54,"key":"Mango"}],"event_choices":[{"damage_healed":0.0,"max_hp_gain":0.0,"max_hp_loss":0.0,"gold_gain":0.0,"event_name":"Accursed Blacksmith","player_choice":"Rummage","floor":2.0,"gold_loss":0.0,"damage_taken":0.0,"relics_obtained":["WarpedTongs"],"cards_obtained":["Pain"]},{"damage_healed":0.0,"max_hp_gain":0.0,"max_hp_loss":0.0,"gold_gain":0.0,"event_name":"Golden Idol","player_choice":"Take Damage","floor":5.0,"gold_loss":0.0,"damage_taken":17.0,"relics_obtained":["Golden Idol"]},{"cards_removed":["Doubt"],"damage_healed":0.0,"max_hp_gain":0.0,"max_hp_loss":0.0,"gold_gain":0.0,"event_name":"Living Wall","player_choice":"Forget","floor":10.0,"gold_loss":0.0,"damage_taken":0.0},{"damage_healed":0.0,"max_hp_gain":0.0,"max_hp_loss":0.0,"gold_gain":0.0,"event_name":"Liars Game","player_choice":"Ignored","floor":11.0,"gold_loss":0.0,"damage_taken":0.0},{"damage_healed":0.0,"max_hp_gain":0.0,"max_hp_loss":35.0,"gold_gain":0.0,"event_name":"Ghosts","player_choice":"Became a Ghost","floor":20.0,"gold_loss":0.0,"damage_taken":0.0,"cards_obtained":["Ghostly","Ghostly","Ghostly","Ghostly","Ghostly"]},{"damage_healed":0.0,"max_hp_gain":0.0,"max_hp_loss":0.0,"gold_gain":100.0,"event_name":"Golden Shrine","player_choice":"Pray","floor":21.0,"gold_loss":0.0,"damage_taken":0.0},{"damage_healed":0.0,"max_hp_gain":0.0,"max_hp_loss":0.0,"gold_gain":99.0,"event_name":"Nest","player_choice":"Stole From Cult","floor":22.0,"gold_loss":0.0,"damage_taken":0.0},{"damage_healed":0.0,"max_hp_gain":0.0,"max_hp_loss":0.0,"gold_gain":0.0,"event_name":"Cursed Tome","player_choice":"Obtained Book","floor":24.0,"gold_loss":0.0,"damage_taken":16.0},{"damage_healed":0.0,"max_hp_gain":0.0,"max_hp_loss":0.0,"gold_gain":333.0,"event_name":"The Moai Head","player_choice":"Gave Idol","floor":39.0,"relics_lost":["Golden Idol"],"gold_loss":0.0,"damage_taken":0.0},{"damage_healed":0.0,"max_hp_gain":0.0,"max_hp_loss":0.0,"gold_gain":0.0,"event_name":"MindBloom","player_choice":"Fight","floor":44.0,"gold_loss":0.0,"damage_taken":0.0},{"damage_healed":0.0,"max_hp_gain":0.0,"max_hp_loss":0.0,"gold_gain":0.0,"event_name":"Winding Halls","player_choice":"Embrace Madness","floor":45.0,"gold_loss":0.0,"damage_taken":4.0,"cards_obtained":["Madness","Madness"]}],"is_beta":false,"boss_relics":[{"not_picked":["Empty Cage","WristBlade"],"picked":"Pandora\u0027s Box"},{"not_picked":["Busted Crown","SacredBark"],"picked":"Black Star"}],"items_purged_floors":[3,19,37,48],"is_endless":false,"potions_floor_spawned":[12,14,29,31,35,38,46],"ascension_level":1}