{"gold_per_floor":[111,111,111,186,111,111,124,124,148,183,183,199,199,215,215,316,316,326,338,358,358,64,64,64,164,188,188,198,198],"floor_reached":29,"playtime":1620,"items_purged":["Regret"],"score":243,"play_id":"2595fc55-6d9d-40b0-a3cb-cd39de9f44a4","local_time":"20211005142310","is_ascension_mode":true,"campfire_choices":[{"floor":6.0,"key":"REST"},{"floor":11.0,"key":"REST"},{"floor":13.0,"key":"REST"},{"floor":15.0,"key":"RECALL"},{"floor":23.0,"key":"REST"},{"data":"Tactician","floor":27.0,"key":"SMITH"}],"neow_cost":"PERCENT_DAMAGE","seed_source_timestamp":31169239136947,"circlet_count":0,"master_deck":["Strike_G","Strike_G","Strike_G","Strike_G","Defend_G","Defend_G","Defend_G","Defend_G","Defend_G","Survivor","Neutralize","Acrobatics","Noxious Fumes","Flying Knee","Dagger Spray","A Thousand Cuts","Tactician+1","Reflex","Dagger Throw+1","Tools of the Trade"],"special_seed":0,"relics":["Ring of the Snake","Prayer Wheel","Happy Flower","Matryoshka","PreservedInsect","Nunchaku","InkBottle","SacredBark","Tough Bandages","Pen Nib","Regal Pillow"],"potions_floor_usage":[29],"damage_taken":[{"damage":0.0,"enemies":"2 Louse","floor":1.0,"turns":3.0},{"damage":0.0,"enemies":"Jaw Worm","floor":7.0,"turns":5.0},{"damage":36.0,"enemies":"Gremlin Nob","floor":10.0,"turns":5.0},{"damage":0.0,"enemies":"Cultist","floor":12.0,"turns":3.0},{"damage":5.0,"enemies":"Looter","floor":14.0,"turns":4.0},{"damage":53.0,"enemies":"Hexaghost","floor":16.0,"turns":12.0},{"damage":19.0,"enemies":"Shell Parasite","floor":18.0,"turns":7.0},{"damage":1.0,"enemies":"2 Thieves","floor":19.0,"turns":4.0},{"damage":17.0,"enemies":"Centurion and Healer","floor":20.0,"turns":7.0},{"damage":20.0,"enemies":"3 Cultists","floor":28.0,"turns":5.0},{"damage":27,"enemies":"Slavers","floor":29,"turns":3}],"seed_played":"5634160516419286405","potions_obtained":[{"floor":1.0,"key":"BlessingOfTheForge"},{"floor":12.0,"key":"SpeedPotion"},{"floor":14.0,"key":"CunningPotion"},{"floor":16.0,"key":"Block Potion"},{"floor":18.0,"key":"CultistPotion"}],"is_trial":false,"path_per_floor":["M","?","?","?","$","R","M","T","T","E","R","M","R","M","R","B",null,"M","M","M","?","$","R","$","?","T","R","M","E"],"character_chosen":"THE_SILENT","items_purchased":["Tough Bandages"],"campfire_rested":4,"item_purchase_floors":[22],"current_hp_per_floor":[49,49,49,38,38,59,59,59,59,23,44,44,65,60,60,7,70,51,50,33,20,20,42,42,42,42,42,22,0],"gold":198,"neow_bonus":"ONE_RARE_RELIC","is_prod":false,"is_daily":false,"chose_seed":false,"campfire_upgraded":1,"win_rate":0,"timestamp":1633414990,"path_taken":["M","?","?","?","$","R","M","?","T","E","R","M","R","M","R","BOSS","M","M","M","?","$","R","$","?","T","R","?","E"],"build_version":"2020-01-27","purchased_purges":1,"victory":false,"max_hp_per_floor":[70,70,70,70,70,70,70,70,70,70,70,70,70,70,70,70,70,70,70,70,75,75,75,75,75,75,75,75,75],"card_choices":[{"not_picked":["Distraction","Slice"],"picked":"Acrobatics","floor":1.0},{"not_picked":["Quick Slash","Outmaneuver","Bane"],"picked":"SKIP","floor":1.0},{"not_picked":["Doppelganger","Sucker Punch"],"picked":"Noxious Fumes","floor":7.0},{"not_picked":["Quick Slash","Dagger Spray"],"picked":"Flying Knee","floor":7.0},{"not_picked":["Bane","Prepared","Eviscerate"],"picked":"SKIP","floor":10.0},{"not_picked":["Bane","Bouncing Flask","Riddle With Holes"],"picked":"SKIP","floor":12.0},{"not_picked":["Slice","Bane","Flying Knee"],"picked":"SKIP","floor":12.0},{"not_picked":["Acrobatics","Burst"],"picked":"Dagger Spray","floor":14.0},{"not_picked":["Acrobatics","Underhanded Strike","Dodge and Roll"],"picked":"SKIP","floor":14.0},{"not_picked":["Doppelganger","Malaise"],"picked":"A Thousand Cuts","floor":16.0},{"not_picked":["Dodge and Roll+1","Flying Knee"],"picked":"Tactician","floor":18.0},{"not_picked":["Dagger Spray+1","Underhanded Strike+1","Slice"],"picked":"SKIP","floor":18.0},{"not_picked":["Bouncing Flask+1","Deflect"],"picked":"Reflex","floor":19.0},{"not_picked":["Slice","Dagger Spray"],"picked":"Dagger Throw+1","floor":19.0},{"not_picked":["Dagger Spray","Underhanded Strike","Slice+1"],"picked":"SKIP","floor":20.0},{"not_picked":["Distraction+1","Acrobatics","Dash"],"picked":"SKIP","floor":20.0},{"not_picked":["Sucker Punch","Underhanded Strike+1"],"picked":"Tools of the Trade","floor":28.0},{"not_picked":["Terror","Quick Slash+1","Flying Knee"],"picked":"SKIP","floor":28.0}],"player_experience":74321,"relics_obtained":[{"floor":8.0,"key":"Matryoshka"},{"floor":9.0,"key":"PreservedInsect"},{"floor":9.0,"key":"Nunchaku"},{"floor":10.0,"key":"InkBottle"},{"floor":26.0,"key":"Pen Nib"},{"floor":26.0,"key":"Regal Pillow"}],"event_choices":[{"cards_removed":["Strike_G"],"damage_healed":0.0,"max_hp_gain":0.0,"max_hp_loss":0.0,"gold_gain":0.0,"event_name":"Living Wall","player_choice":"Forget","floor":2.0,"gold_loss":0.0,"damage_taken":0.0},{"damage_healed":0.0,"max_hp_gain":0.0,"max_hp_loss":0.0,"gold_gain":0.0,"event_name":"Big Fish","player_choice":"Box","floor":3.0,"gold_loss":0.0,"damage_taken":0.0,"relics_obtained":["Happy Flower"],"cards_obtained":["Regret"]},{"damage_healed":0.0,"max_hp_gain":0.0,"max_hp_loss":0.0,"gold_gain":75.0,"event_name":"World of Goop","player_choice":"Gather Gold","floor":4.0,"gold_loss":0.0,"damage_taken":11.0},{"damage_healed":0.0,"max_hp_gain":5.0,"max_hp_loss":0.0,"gold_gain":0.0,"event_name":"Forgotten Altar","player_choice":"Shed Blood","floor":21.0,"gold_loss":0.0,"damage_taken":18.0},{"damage_healed":0.0,"max_hp_gain":0.0,"max_hp_loss":0.0,"gold_gain":100.0,"event_name":"Golden Shrine","player_choice":"Pray","floor":25.0,"gold_loss":0.0,"damage_taken":0.0}],"is_beta":false,"boss_relics":[{"not_picked":["Coffee Dripper","Velvet Choker"],"picked":"SacredBark"}],"items_purged_floors":[5],"is_endless":false,"potions_floor_spawned":[1,12,14,16,18],"killed_by":"Slavers","ascension_level":2}