{"gold_per_floor":[115,115,128,303,323,362,59,59,86,86,101,144,167,186,186,317,317,341,341,366,153,174,174,190,190,190,190,215,239,37,57,57,181,181,206,206,226,249,263,263,281,281,281,281,281,62,82,106,106,106],"floor_reached":51,"playtime":3858,"items_purged":["Doubt","Pain","Strike_G","Parasite"],"score":809,"play_id":"9294bf74-9680-4658-aab1-0046c7d87c27","local_time":"20211006224457","is_ascension_mode":true,"campfire_choices":[{"floor":8.0,"key":"REST"},{"floor":15.0,"key":"REST"},{"data":"Footwork","floor":23.0,"key":"SMITH"},{"floor":25.0,"key":"REST"},{"floor":27.0,"key":"REST"},{"data":"Blur","floor":32.0,"key":"SMITH"},{"data":"Well Laid Plans","floor":40,"key":"SMITH"},{"data":"Noxious Fumes","floor":44,"key":"SMITH"},{"floor":49,"key":"REST"}],"neow_cost":"NONE","seed_source_timestamp":109565002495806,"circlet_count":0,"master_deck":["Strike_G+1","Strike_G+1","Strike_G","Strike_G","Defend_G","Defend_G","Defend_G","Defend_G","Defend_G","Survivor","Neutralize","Blur+1","Flying Knee","Infinite Blades","Cloak And Dagger","Deflect+1","Noxious Fumes+1","Infinite Blades","Dagger Spray","Burst+1","Blur+1","Choke+1","Discovery+1","Footwork+1","Catalyst+1","Deadly Poison+1","Clumsy","Bouncing Flask+1","Catalyst+1","Crippling Poison+1","Storm of Steel+1","Poisoned Stab+1","Panache","Well Laid Plans+1","Blur+1","Purity+1","Footwork","Acrobatics+1"],"special_seed":0,"relics":["Ring of the Snake","Toy Ornithopter","Golden Idol","Smiling Mask","Toxic Egg 2","Whetstone","FaceOfCleric","Boot","Cursed Key","WarpedTongs","Thread and Needle","Regal Pillow","WristBlade","Mummified Hand"],"potions_floor_usage":[39,50,50],"damage_taken":[{"damage":5.0,"enemies":"Cultist","floor":1.0,"turns":5.0},{"damage":10.0,"enemies":"Small Slimes","floor":3.0,"turns":5.0},{"damage":0.0,"enemies":"2 Louse","floor":5.0,"turns":3.0},{"damage":22.0,"enemies":"3 Sentries","floor":6.0,"turns":9.0},{"damage":0.0,"enemies":"2 Fungi Beasts","floor":11.0,"turns":4.0},{"damage":33.0,"enemies":"Gremlin Nob","floor":12.0,"turns":5.0},{"damage":7.0,"enemies":"Large Slime","floor":13.0,"turns":5.0},{"damage":9.0,"enemies":"3 Louse","floor":14.0,"turns":4.0},{"damage":4.0,"enemies":"Slime Boss","floor":16.0,"turns":7.0},{"damage":15.0,"enemies":"Shell Parasite","floor":18.0,"turns":7.0},{"damage":4.0,"enemies":"3 Byrds","floor":20.0,"turns":5.0},{"damage":16.0,"enemies":"Snake Plant","floor":22.0,"turns":5.0},{"damage":25.0,"enemies":"3 Cultists","floor":24.0,"turns":6.0},{"damage":10.0,"enemies":"Centurion and Healer","floor":28.0,"turns":7.0},{"damage":6.0,"enemies":"Snake Plant","floor":29.0,"turns":3.0},{"damage":0.0,"enemies":"Snecko","floor":31.0,"turns":3.0},{"damage":0.0,"enemies":"Automaton","floor":33.0,"turns":5.0},{"damage":0.0,"enemies":"Orb Walker","floor":35.0,"turns":4.0},{"damage":5.0,"enemies":"3 Shapes","floor":37.0,"turns":7.0},{"damage":6.0,"enemies":"Sphere and 2 Shapes","floor":38.0,"turns":6.0},{"damage":0,"enemies":"Jaw Worm Horde","floor":39,"turns":2},{"damage":14,"enemies":"Maw","floor":41,"turns":6},{"damage":0,"enemies":"Sphere and 2 Shapes","floor":47,"turns":6},{"damage":12,"enemies":"Spire Growth","floor":48,"turns":4},{"damage":9,"enemies":"Time Eater","floor":50,"turns":7}],"seed_played":"-3929270557401912846","potions_obtained":[{"floor":3.0,"key":"Explosive Potion"},{"floor":5.0,"key":"Swift Potion"},{"floor":6.0,"key":"Weak Potion"},{"floor":11.0,"key":"Strength Potion"},{"floor":14.0,"key":"EssenceOfSteel"},{"floor":16.0,"key":"SteroidPotion"},{"floor":20.0,"key":"AttackPotion"},{"floor":28.0,"key":"LiquidBronze"},{"floor":31.0,"key":"Swift Potion"},{"floor":35.0,"key":"BlessingOfTheForge"},{"floor":39,"key":"FearPotion"},{"floor":48,"key":"Strength Potion"}],"is_trial":false,"path_per_floor":["M","?","M","?","M","E","$","R","T","?","M","E","M","M","R","B",null,"M","?","M","$","M","R","M","R","T","R","M","M","$","M","R","B",null,"M","?","M","M","M","R","M","?","T","R","?","$","M","M","R","B",null],"character_chosen":"THE_SILENT","items_purchased":["Toxic Egg 2","Discovery+1","Footwork","Regal Pillow","Purity+1","Footwork"],"campfire_rested":5,"item_purchase_floors":[7,21,21,30,46,46],"current_hp_per_floor":[65,48,38,38,38,21,21,42,42,42,43,16,10,2,24,31,75,61,61,58,58,48,48,24,47,47,70,61,61,61,62,62,68,83,84,84,80,75,81,81,68,68,68,68,68,68,69,58,87,88],"gold":106,"neow_bonus":"RANDOM_COMMON_RELIC","is_prod":false,"is_daily":false,"chose_seed":false,"campfire_upgraded":4,"win_rate":0,"timestamp":1633531497,"path_taken":["M","?","M","?","M","E","$","R","T","?","M","E","M","M","R","BOSS","M","?","M","$","M","R","M","R","T","R","M","?","$","M","R","BOSS","M","?","M","M","M","R","M","?","T","R","?","$","?","M","R","BOSS"],"build_version":"2020-01-27","purchased_purges":4,"victory":true,"max_hp_per_floor":[70,70,70,70,70,70,70,70,70,70,71,72,73,74,74,75,75,76,76,77,77,78,78,79,79,79,79,80,81,81,82,82,83,83,84,84,85,86,87,87,88,88,88,88,88,85,86,87,87,88],"card_choices":[{"not_picked":["Dagger Throw","Calculated Gamble"],"picked":"Blur","floor":1.0},{"not_picked":["Accuracy","Terror"],"picked":"Flying Knee","floor":3.0},{"not_picked":["Acrobatics","Heel Hook"],"picked":"Infinite Blades","floor":5.0},{"not_picked":["Crippling Poison","Endless Agony"],"picked":"Cloak And Dagger","floor":6.0},{"not_picked":["Poisoned Stab","Calculated Gamble+1"],"picked":"Deflect+1","floor":11.0},{"not_picked":["Skewer","Sucker Punch"],"picked":"Noxious Fumes","floor":12.0},{"not_picked":["Prepared+1","Dash"],"picked":"Infinite Blades","floor":13.0},{"not_picked":["Masterful Stab","Outmaneuver+1"],"picked":"Dagger Spray","floor":14.0},{"not_picked":["Glass Knife","Die Die Die"],"picked":"Burst+1","floor":16.0},{"not_picked":["Quick Slash","Masterful Stab+1"],"picked":"Blur+1","floor":18.0},{"not_picked":["Skewer","Acrobatics+1"],"picked":"Choke+1","floor":20.0},{"not_picked":["Calculated Gamble+1","Well Laid Plans"],"picked":"Catalyst+1","floor":22.0},{"not_picked":["Reflex+1","Backflip+1"],"picked":"Deadly Poison+1","floor":24.0},{"not_picked":["Sucker Punch","Expertise+1"],"picked":"Bouncing Flask+1","floor":28.0},{"not_picked":["Deadly Poison+1","Poisoned Stab"],"picked":"Catalyst+1","floor":29.0},{"not_picked":["Flechettes+1","Prepared+1"],"picked":"Crippling Poison+1","floor":31.0},{"not_picked":["Wraith Form v2","Glass Knife"],"picked":"Storm of Steel+1","floor":33.0},{"not_picked":["Dodge and Roll+1","Sucker Punch+1"],"picked":"Poisoned Stab+1","floor":35.0},{"not_picked":["Mind Blast","Discovery+1"],"picked":"Panache","floor":36.0},{"not_picked":["Quick Slash","Reflex+1"],"picked":"Well Laid Plans","floor":37.0},{"not_picked":["Poisoned Stab+1","Riddle With Holes+1"],"picked":"Blur+1","floor":38.0},{"not_picked":["Flechettes+1","Underhanded Strike+1"],"picked":"Backstab+1","floor":39},{"not_picked":["Reflex+1","Sucker Punch","Dodge and Roll+1"],"picked":"SKIP","floor":41},{"not_picked":["Infinite Blades+1","Dagger Throw+1","Endless Agony"],"picked":"SKIP","floor":47},{"not_picked":["Bane","Dagger Throw"],"picked":"Acrobatics+1","floor":48}],"player_experience":102760,"relics_obtained":[{"floor":6.0,"key":"Smiling Mask"},{"floor":9.0,"key":"Whetstone"},{"floor":12.0,"key":"Boot"},{"floor":26.0,"key":"Thread and Needle"},{"floor":43,"key":"Mummified Hand"}],"event_choices":[{"damage_healed":0.0,"max_hp_gain":0.0,"max_hp_loss":0.0,"gold_gain":0.0,"event_name":"Golden Idol","player_choice":"Take Damage","floor":2.0,"gold_loss":0.0,"damage_taken":17.0,"relics_obtained":["Golden Idol"]},{"damage_healed":0.0,"max_hp_gain":0.0,"max_hp_loss":0.0,"gold_gain":175.0,"event_name":"Liars Game","player_choice":"AGREE","floor":4.0,"gold_loss":0.0,"damage_taken":0.0,"cards_obtained":["Doubt"]},{"damage_healed":0.0,"max_hp_gain":0.0,"max_hp_loss":0.0,"gold_gain":0.0,"event_name":"FaceTrader","player_choice":"Trade","floor":10.0,"gold_loss":0.0,"damage_taken":0.0,"relics_obtained":["FaceOfCleric"]},{"damage_healed":0.0,"max_hp_gain":0.0,"max_hp_loss":0.0,"gold_gain":0.0,"event_name":"Accursed Blacksmith","player_choice":"Rummage","floor":19.0,"gold_loss":0.0,"damage_taken":0.0,"relics_obtained":["WarpedTongs"],"cards_obtained":["Pain"]},{"damage_healed":0.0,"max_hp_gain":0.0,"max_hp_loss":0.0,"gold_gain":0.0,"event_name":"SensoryStone","player_choice":"Memory 1","floor":36.0,"gold_loss":0.0,"damage_taken":0.0},{"cards_removed":["Backstab"],"damage_healed":0,"gold_gain":0,"player_choice":"Removed Attack","damage_taken":0,"max_hp_gain":0,"max_hp_loss":0,"event_name":"Falling","floor":42,"gold_loss":0},{"damage_healed":0,"gold_gain":0,"player_choice":"Bought 0 Potions","damage_taken":0,"max_hp_gain":0,"max_hp_loss":0,"event_name":"The Woman in Blue","floor":45,"gold_loss":0}],"is_beta":false,"boss_relics":[{"not_picked":["SacredBark","Coffee Dripper"],"picked":"Cursed Key"},{"not_picked":["Tiny House","Velvet Choker"],"picked":"WristBlade"}],"items_purged_floors":[7,21,30,46],"is_endless":false,"potions_floor_spawned":[3,5,6,11,14,16,20,28,31,35,39,48],"ascension_level":2}