{"gold_per_floor":[110,185,185,185,33,33,33,33,58,75,25,25,25,41,41,41],"floor_reached":16,"playtime":457,"items_purged":[],"score":156,"play_id":"72b51332-bb0c-444e-aee9-9f5b57b9f6ab","local_time":"20211010001102","is_ascension_mode":true,"campfire_choices":[{"data":"Backflip","floor":6,"key":"SMITH"},{"data":"Neutralize","floor":8,"key":"SMITH"},{"data":"Prepared","floor":12,"key":"SMITH"},{"data":"Survivor","floor":15,"key":"SMITH"}],"neow_cost":"NONE","seed_source_timestamp":283846208677482,"circlet_count":0,"master_deck":["Strike_G","Strike_G","Strike_G","Defend_G","Defend_G","Defend_G","Defend_G","Defend_G","Survivor+1","Neutralize+1","Backflip+1","Prepared+1"],"special_seed":0,"relics":["Coffee Dripper","TwistedFunnel","Vajra","Bronze Scales"],"potions_floor_usage":[16],"damage_taken":[{"damage":2,"enemies":"Small Slimes","floor":1,"turns":5},{"damage":0,"enemies":"Jaw Worm","floor":10,"turns":3},{"damage":0,"enemies":"2 Louse","floor":14,"turns":1},{"damage":54,"enemies":"Slime Boss","floor":16,"turns":8}],"seed_played":"7914928736940134505","potions_obtained":[{"floor":14,"key":"SneckoOil"}],"is_trial":false,"path_per_floor":["M","?","?","?","$","R","T","R","T","M","?","R","$","M","R","B"],"character_chosen":"THE_SILENT","items_purchased":["TwistedFunnel"],"campfire_rested":0,"item_purchase_floors":[5],"current_hp_per_floor":[68,57,57,50,50,50,50,50,50,50,50,50,50,50,50,0],"gold":41,"neow_bonus":"BOSS_RELIC","is_prod":false,"is_daily":false,"chose_seed":false,"campfire_upgraded":4,"win_rate":0,"timestamp":1633795862,"path_taken":["M","?","?","?","$","R","?","R","T","M","?","R","$","M","R","BOSS"],"build_version":"2020-01-27","purchased_purges":0,"victory":false,"max_hp_per_floor":[70,70,70,70,70,70,70,70,70,70,70,70,70,70,70,70],"card_choices":[{"not_picked":["Outmaneuver","Quick Slash"],"picked":"Backflip","floor":1},{"not_picked":["Bane","Blade Dance"],"picked":"Prepared","floor":10},{"not_picked":["Masterful Stab","Bane","Prepared"],"picked":"SKIP","floor":14}],"player_experience":123859,"relics_obtained":[{"floor":7,"key":"Vajra"},{"floor":9,"key":"Bronze Scales"}],"event_choices":[{"damage_healed":0,"gold_gain":75,"player_choice":"Gather Gold","damage_taken":11,"max_hp_gain":0,"max_hp_loss":0,"event_name":"World of Goop","floor":2,"gold_loss":0},{"damage_healed":0,"gold_gain":0,"player_choice":"Ignored","damage_taken":0,"max_hp_gain":0,"max_hp_loss":0,"event_name":"Liars Game","floor":3,"gold_loss":0},{"cards_removed":["Strike_G"],"damage_healed":0,"gold_gain":0,"player_choice":"Card Removal","damage_taken":7,"max_hp_gain":0,"max_hp_loss":0,"event_name":"Golden Wing","floor":4,"gold_loss":0},{"cards_removed":["Strike_G"],"damage_healed":0,"gold_gain":0,"player_choice":"Card Removal","damage_taken":0,"max_hp_gain":0,"max_hp_loss":0,"event_name":"The Cleric","floor":11,"gold_loss":50}],"is_beta":false,"boss_relics":[],"items_purged_floors":[],"is_endless":false,"potions_floor_spawned":[14],"killed_by":"Slime Boss","ascension_level":3}