{"gold_per_floor":[116,116,132,60,10,10,28,28,28,28,47,47,47,81,81,186,186,200,200,299,316,333,333,345,371,371,296,316,316,60,78,78,181,181,201,219,219,236,111,111,141,157,157,157,157,203,203,203,203,203],"floor_reached":51,"playtime":4357,"items_purged":["Strike_G","Defend_G","Strike_G"],"score":701,"play_id":"2de13bbb-6bea-4943-b706-87d0aa787c5a","local_time":"20211003224302","is_ascension_mode":true,"campfire_choices":[{"data":"Noxious Fumes","floor":6.0,"key":"SMITH"},{"data":"Purity","floor":10.0,"key":"SMITH"},{"floor":15.0,"key":"REST"},{"floor":23.0,"key":"REST"},{"data":"Bullet Time","floor":29.0,"key":"SMITH"},{"floor":32.0,"key":"REST"},{"floor":40.0,"key":"REST"},{"data":"Bouncing Flask","floor":44.0,"key":"SMITH"},{"data":"Noxious Fumes","floor":47.0,"key":"SMITH"},{"floor":49.0,"key":"REST"}],"neow_cost":"NONE","seed_source_timestamp":13474572673292,"circlet_count":0,"master_deck":["Strike_G","Defend_G","Defend_G","Defend_G","Survivor","Neutralize+1","Purity+1","Bouncing Flask+1","Acrobatics","Noxious Fumes+1","Dagger Throw","Bullet Time+1","Unload","Reflex+1","Noxious Fumes+1","Caltrops","Tactician+1","All Out Attack+1","Tools of the Trade","Backflip","Corpse Explosion"],"special_seed":0,"relics":["Ring of the Serpent","Bottled Tornado","Meat on the Bone","Philosopher\u0027s Stone","Ninja Scroll","Question Card","Regal Pillow","Boot","Torii","Whetstone"],"potions_floor_usage":[50,50,50,50,50],"damage_taken":[{"damage":4.0,"enemies":"2 Louse","floor":1.0,"turns":5.0},{"damage":3.0,"enemies":"Jaw Worm","floor":3.0,"turns":3.0},{"damage":1.0,"enemies":"Cultist","floor":7.0,"turns":4.0},{"damage":13.0,"enemies":"Exordium Wildlife","floor":11.0,"turns":4.0},{"damage":11.0,"enemies":"Gremlin Nob","floor":14.0,"turns":4.0},{"damage":30.0,"enemies":"Slime Boss","floor":16.0,"turns":9.0},{"damage":35.0,"enemies":"2 Thieves","floor":18.0,"turns":5.0},{"damage":24.0,"enemies":"3 Byrds","floor":21.0,"turns":3.0},{"damage":18.0,"enemies":"3 Cultists","floor":22.0,"turns":5.0},{"damage":18.0,"enemies":"Centurion and Healer","floor":24.0,"turns":5.0},{"damage":18.0,"enemies":"Book of Stabbing","floor":25.0,"turns":5.0},{"damage":0.0,"enemies":"Snecko","floor":28.0,"turns":4.0},{"damage":16.0,"enemies":"Snake Plant","floor":31.0,"turns":3.0},{"damage":53.0,"enemies":"Automaton","floor":33.0,"turns":7.0},{"damage":20.0,"enemies":"Orb Walker","floor":35.0,"turns":4.0},{"damage":17.0,"enemies":"3 Shapes","floor":36.0,"turns":6.0},{"damage":28.0,"enemies":"Jaw Worm Horde","floor":38.0,"turns":4.0},{"damage":25.0,"enemies":"Reptomancer","floor":41.0,"turns":6.0},{"damage":16.0,"enemies":"Maw","floor":42.0,"turns":6.0},{"damage":56,"enemies":"Time Eater","floor":50,"turns":10}],"seed_played":"-8017502095854212611","potions_obtained":[{"floor":11.0,"key":"Explosive Potion"},{"floor":12.0,"key":"GhostInAJar"},{"floor":12.0,"key":"GamblersBrew"},{"floor":14.0,"key":"GhostInAJar"},{"floor":21.0,"key":"AttackPotion"},{"floor":24.0,"key":"GamblersBrew"},{"floor":25.0,"key":"Ancient Potion"},{"floor":28.0,"key":"PowerPotion"},{"floor":31.0,"key":"Poison Potion"},{"floor":36.0,"key":"Dexterity Potion"},{"floor":41.0,"key":"Regen Potion"},{"floor":42.0,"key":"EntropicBrew"}],"is_trial":false,"path_per_floor":["M","?","M","$","?","R","M","$","T","R","M","?","$","E","R","B",null,"M","?","?","M","M","R","M","E","T","$","M","R","$","M","R","B",null,"M","M","?","M","$","R","E","M","T","R","?","T","R","?","R","B",null],"character_chosen":"THE_SILENT","items_purchased":["Noxious Fumes","Regal Pillow"],"campfire_rested":5,"item_purchase_floors":[4,30],"current_hp_per_floor":[66,66,63,63,63,63,62,62,62,62,49,49,49,38,59,41,70,47,34,34,22,16,38,32,26,26,26,38,38,38,34,71,30,75,55,38,38,22,22,59,46,45,45,45,45,45,45,45,71,27],"gold":203,"neow_bonus":"RANDOM_COLORLESS","is_prod":false,"is_daily":false,"chose_seed":false,"campfire_upgraded":5,"win_rate":0,"timestamp":1633272182,"path_taken":["M","?","M","$","?","R","M","?","T","R","?","?","?","E","R","BOSS","M","?","?","M","M","R","M","E","T","$","?","R","$","M","R","BOSS","M","?","?","M","$","R","E","M","T","R","?","?","R","?","R","BOSS"],"build_version":"2020-01-27","purchased_purges":3,"victory":true,"max_hp_per_floor":[70,70,70,70,70,70,70,70,70,70,70,70,70,70,70,70,70,70,75,75,75,75,75,75,75,75,75,75,75,75,75,75,75,75,75,75,75,75,75,75,75,75,75,75,75,75,75,71,71,71],"card_choices":[{"not_picked":["Finesse","Dark Shackles"],"picked":"Purity","floor":0.0},{"not_picked":["Calculated Gamble","Slice"],"picked":"Bouncing Flask","floor":1.0},{"not_picked":["Flying Knee","Deadly Poison"],"picked":"Acrobatics","floor":3.0},{"not_picked":["Bouncing Flask","Quick Slash"],"picked":"Dagger Throw","floor":7.0},{"not_picked":["Expertise","Dagger Spray","Deflect"],"picked":"SKIP","floor":11.0},{"not_picked":["Skewer","Outmaneuver"],"picked":"Bullet Time","floor":14.0},{"not_picked":["Burst","Venomology"],"picked":"Unload","floor":16.0},{"not_picked":["Backflip","Dodge and Roll"],"picked":"Reflex+1","floor":18.0},{"not_picked":["Expertise","PiercingWail"],"picked":"Noxious Fumes","floor":21.0},{"not_picked":["Bane+1","Prepared"],"picked":"Caltrops","floor":22.0},{"not_picked":["Blade Dance","Deadly Poison"],"picked":"Tactician+1","floor":24.0},{"not_picked":["Malaise","Reflex"],"picked":"All Out Attack","floor":25.0},{"not_picked":["PiercingWail","Sucker Punch","Deflect+1","Slice"],"picked":"SKIP","floor":28.0},{"not_picked":["Bouncing Flask","Prepared","Dodge and Roll","PiercingWail"],"picked":"SKIP","floor":31.0},{"not_picked":["Night Terror","Malaise","Doppelganger"],"picked":"Tools of the Trade","floor":33.0},{"not_picked":["Escape Plan","Dash","Finisher+1","Riddle With Holes"],"picked":"SKIP","floor":35.0},{"not_picked":["Blade Dance+1","Deflect+1","Reflex+1"],"picked":"Backflip","floor":36.0},{"not_picked":["Riddle With Holes","Dodge and Roll+1","Distraction+1","PiercingWail"],"picked":"SKIP","floor":38.0},{"not_picked":["Quick Slash","Tactician","Blade Dance"],"picked":"Corpse Explosion","floor":41.0},{"not_picked":["Infinite Blades+1","Backflip+1","PiercingWail","Skewer"],"picked":"SKIP","floor":42.0}],"player_experience":51876,"relics_obtained":[{"floor":9.0,"key":"Bottled Tornado"},{"floor":14.0,"key":"Meat on the Bone"},{"floor":25.0,"key":"Ninja Scroll"},{"floor":26.0,"key":"Question Card"},{"floor":41.0,"key":"Boot"},{"floor":43.0,"key":"Torii"},{"floor":46.0,"key":"Whetstone"}],"event_choices":[{"cards_removed":["Strike_G"],"damage_healed":0.0,"max_hp_gain":0.0,"max_hp_loss":0.0,"gold_gain":0.0,"event_name":"Living Wall","player_choice":"Forget","floor":2.0,"gold_loss":0.0,"damage_taken":0.0},{"cards_removed":["Strike_G"],"damage_healed":0.0,"max_hp_gain":0.0,"max_hp_loss":0.0,"gold_gain":0.0,"event_name":"The Cleric","player_choice":"Card Removal","floor":5.0,"gold_loss":50.0,"damage_taken":0.0},{"damage_healed":0.0,"max_hp_gain":0.0,"max_hp_loss":0.0,"gold_gain":0.0,"event_name":"Lab","player_choice":"Got Potions","floor":12.0,"gold_loss":0.0,"damage_taken":0.0},{"damage_healed":0.0,"max_hp_gain":5.0,"max_hp_loss":0.0,"gold_gain":0.0,"event_name":"Forgotten Altar","player_choice":"Shed Blood","floor":19.0,"gold_loss":0.0,"damage_taken":18.0},{"damage_healed":0.0,"max_hp_gain":0.0,"max_hp_loss":0.0,"gold_gain":99.0,"event_name":"Nest","player_choice":"Stole From Cult","floor":20.0,"gold_loss":0.0,"damage_taken":0.0},{"cards_removed":["Defend_G"],"damage_healed":0.0,"max_hp_gain":0.0,"max_hp_loss":0.0,"gold_gain":0.0,"event_name":"Falling","player_choice":"Removed Skill","floor":37.0,"gold_loss":0.0,"damage_taken":0.0},{"damage_healed":0.0,"max_hp_gain":0.0,"max_hp_loss":0.0,"gold_gain":0.0,"event_name":"Mysterious Sphere","player_choice":"Ignored","floor":45.0,"gold_loss":0.0,"damage_taken":0.0},{"damage_healed":0.0,"max_hp_gain":0.0,"max_hp_loss":4.0,"gold_gain":0.0,"event_name":"Winding Halls","player_choice":"Max HP","floor":48.0,"gold_loss":0.0,"damage_taken":0.0}],"is_beta":false,"boss_relics":[{"not_picked":["Velvet Choker","Fusion Hammer"],"picked":"Philosopher\u0027s Stone"},{"not_picked":["Astrolabe","Snecko Eye"],"picked":"Ring of the Serpent"}],"items_purged_floors":[27,30,39],"is_endless":false,"potions_floor_spawned":[11,14,21,24,25,28,31,36,41,42],"ascension_level":1}