{"gold_per_floor":[117,67,142,158,158,193,204,204,204,231,115,115,166,32,32,130,130,149,149,168,93,5,5,20,20,46,80,80],"floor_reached":28,"playtime":1562,"items_purged":["Strike_G","Defend_G"],"score":266,"play_id":"46393a6b-7fe5-46d7-be9b-e2753cd10454","local_time":"20211005144928","is_ascension_mode":true,"campfire_choices":[{"floor":8,"key":"REST"},{"floor":12,"key":"REST"},{"data":"Noxious Fumes","floor":15,"key":"SMITH"},{"floor":23,"key":"REST"},{"floor":25,"key":"REST"}],"neow_cost":"NONE","seed_source_timestamp":33093378957671,"circlet_count":0,"master_deck":["Strike_G","Defend_G","Defend_G","Defend_G","Survivor","Neutralize","Infinite Blades","Flying Knee","Backstab","Catalyst","Deadly Poison","Tactician+1","Noxious Fumes+1","Bouncing Flask+1","Storm of Steel+1","Reflex+1","Finisher","Discovery+1","Poisoned Stab"],"relics":["Ring of the Snake","Darkstone Periapt","Juzu Bracelet","Toxic Egg 2","Blood Vial","SlaversCollar","PreservedInsect","Frozen Egg 2"],"potions_floor_usage":[10,24,28],"damage_taken":[{"damage":3,"enemies":"Jaw Worm","floor":1,"turns":5},{"damage":1,"enemies":"Small Slimes","floor":4,"turns":4},{"damage":25,"enemies":"Lagavulin","floor":6,"turns":8},{"damage":2,"enemies":"2 Louse","floor":7,"turns":2},{"damage":6,"enemies":"3 Sentries","floor":10,"turns":7},{"damage":17,"enemies":"Hexaghost","floor":16,"turns":7},{"damage":34,"enemies":"3 Byrds","floor":18,"turns":6},{"damage":3,"enemies":"Spheric Guardian","floor":20,"turns":3},{"damage":45,"enemies":"Shelled Parasite and Fungi","floor":24,"turns":6},{"damage":22,"enemies":"Gremlin Leader","floor":27,"turns":4},{"damage":6,"enemies":"3 Cultists","floor":28,"turns":3}],"seed_played":"8421611315968507955","potions_obtained":[{"floor":4,"key":"Fire Potion"},{"floor":10,"key":"Energy Potion"},{"floor":20,"key":"SteroidPotion"}],"is_trial":false,"path_per_floor":["M","?","?","M","?","E","M","R","T","E","$","R","T","$","R","B",null,"M","?","M","?","$","R","M","R","T","E","M"],"character_chosen":"THE_SILENT","items_purchased":["Noxious Fumes","Bouncing Flask+1","Discovery+1"],"campfire_rested":4,"item_purchase_floors":[11,14,22],"current_hp_per_floor":[67,67,56,55,55,30,28,49,49,43,43,64,64,64,64,49,70,36,23,22,22,22,44,1,23,23,3,0],"gold":80,"neow_bonus":"TRANSFORM_CARD","is_prod":false,"is_daily":false,"chose_seed":false,"campfire_upgraded":1,"win_rate":0,"timestamp":1633416568,"path_taken":["M","?","?","M","?","E","M","R","T","E","$","R","?","$","R","BOSS","M","?","M","?","?","R","M","R","T","E","M"],"build_version":"2020-01-27","purchased_purges":2,"victory":false,"max_hp_per_floor":[70,70,70,70,70,70,70,70,70,70,70,70,70,70,70,70,70,70,75,75,75,75,75,75,75,75,75,75],"card_choices":[{"not_picked":["Prepared","Endless Agony"],"picked":"Flying Knee","floor":1},{"not_picked":["Deadly Poison","Noxious Fumes"],"picked":"Backstab","floor":4},{"not_picked":["Quick Slash","Calculated Gamble"],"picked":"Deadly Poison","floor":6},{"not_picked":["Blur","Outmaneuver","Prepared"],"picked":"SKIP","floor":7},{"not_picked":["Finisher","Caltrops"],"picked":"Tactician+1","floor":10},{"not_picked":["Wraith Form v2","Die Die Die"],"picked":"Storm of Steel+1","floor":16},{"not_picked":["Deflect+1","Underhanded Strike+1"],"picked":"Reflex+1","floor":18},{"not_picked":["Backstab","Escape Plan+1"],"picked":"Finisher","floor":20},{"not_picked":["Finisher","Underhanded Strike","Sucker Punch"],"picked":"SKIP","floor":24},{"not_picked":["Underhanded Strike+1","Skewer+1"],"picked":"Poisoned Stab","floor":27}],"player_experience":75941,"relics_obtained":[{"floor":6,"key":"Darkstone Periapt"},{"floor":9,"key":"Juzu Bracelet"},{"floor":10,"key":"Toxic Egg 2"},{"floor":13,"key":"Blood Vial"},{"floor":26,"key":"PreservedInsect"},{"floor":27,"key":"Frozen Egg 2"}],"event_choices":[{"cards_removed":["Strike_G"],"damage_healed":0,"gold_gain":0,"player_choice":"Card Removal","damage_taken":0,"max_hp_gain":0,"max_hp_loss":0,"event_name":"The Cleric","floor":2,"gold_loss":50},{"damage_healed":0,"gold_gain":75,"player_choice":"Gather Gold","damage_taken":11,"max_hp_gain":0,"max_hp_loss":0,"event_name":"World of Goop","floor":3,"gold_loss":0},{"damage_healed":0,"gold_gain":0,"cards_transformed":["Defend_G"],"player_choice":"Change","damage_taken":0,"max_hp_gain":0,"max_hp_loss":0,"event_name":"Living Wall","floor":5,"gold_loss":0,"cards_obtained":["Catalyst"]},{"damage_healed":0,"gold_gain":0,"player_choice":"Shed Blood","damage_taken":18,"max_hp_gain":5,"max_hp_loss":0,"event_name":"Forgotten Altar","floor":19,"gold_loss":0},{"cards_removed":["Strike_G"],"damage_healed":0,"gold_gain":0,"player_choice":"Gave Gold","damage_taken":0,"max_hp_gain":0,"max_hp_loss":0,"event_name":"Beggar","floor":21,"gold_loss":75}],"is_beta":false,"boss_relics":[{"not_picked":["Runic Pyramid","Empty Cage"],"picked":"SlaversCollar"}],"items_purged_floors":[11,14],"is_endless":false,"potions_floor_spawned":[4,10,20],"killed_by":"3 Cultists","ascension_level":2}