{"gold_per_floor":[112,112,112,136,12,52,52,70,70,85,85,110,10,31,31,152,152,173,198,33,33,108,141,141,154,154,154,174,174,9,45,45,45],"floor_reached":33,"playtime":2206,"items_purged":["Strike_G","Defend_G","Strike_G"],"score":341,"play_id":"7595a213-8931-421c-aa3e-173558de4485","local_time":"20211006213222","is_ascension_mode":true,"campfire_choices":[{"floor":7.0,"key":"REST"},{"data":"Cloak And Dagger","floor":15.0,"key":"SMITH"},{"floor":24.0,"key":"REST"},{"data":"After Image","floor":27.0,"key":"SMITH"},{"floor":29.0,"key":"REST"},{"floor":32.0,"key":"REST"}],"neow_cost":"NONE","seed_source_timestamp":106179926383645,"circlet_count":0,"master_deck":["Strike_G","Strike_G","Strike_G+1","Defend_G+1","Defend_G+1","Defend_G+1","Survivor","Neutralize","Cloak And Dagger+1","PiercingWail","Terror","Backstab","Blade Dance","After Image+1","Backflip","Unload","Reflex","Calculated Gamble","Caltrops","Flying Knee","Dagger Throw","Footwork+1","Accuracy","Footwork+1"],"special_seed":0,"relics":["Ring of the Snake","NeowsBlessing","Golden Idol","Question Card","War Paint","SacredBark","Pear","Art of War","Membership Card","Bottled Flame"],"potions_floor_usage":[33,33],"damage_taken":[{"damage":0.0,"enemies":"Small Slimes","floor":1.0,"turns":1.0},{"damage":0.0,"enemies":"2 Louse","floor":4.0,"turns":1.0},{"damage":0.0,"enemies":"Gremlin Nob","floor":6.0,"turns":1.0},{"damage":1.0,"enemies":"Jaw Worm","floor":8.0,"turns":4.0},{"damage":3.0,"enemies":"Blue Slaver","floor":10.0,"turns":3.0},{"damage":0.0,"enemies":"Looter","floor":12.0,"turns":2.0},{"damage":4.0,"enemies":"2 Fungi Beasts","floor":14.0,"turns":3.0},{"damage":19.0,"enemies":"Slime Boss","floor":16.0,"turns":7.0},{"damage":12.0,"enemies":"Shell Parasite","floor":18.0,"turns":5.0},{"damage":1.0,"enemies":"Chosen","floor":19.0,"turns":4.0},{"damage":36.0,"enemies":"Gremlin Leader","floor":23.0,"turns":7.0},{"damage":11.0,"enemies":"3 Cultists","floor":25.0,"turns":6.0},{"damage":14.0,"enemies":"Shelled Parasite and Fungi","floor":28.0,"turns":8.0},{"damage":30.0,"enemies":"Slavers","floor":31.0,"turns":3.0},{"damage":55,"enemies":"Champ","floor":33,"turns":17}],"seed_played":"-2536003377027701611","potions_obtained":[{"floor":6.0,"key":"ColorlessPotion"},{"floor":12.0,"key":"Strength Potion"},{"floor":18.0,"key":"ColorlessPotion"},{"floor":19.0,"key":"Dexterity Potion"},{"floor":25.0,"key":"Ancient Potion"}],"is_trial":false,"path_per_floor":["M","?","?","M","$","E","R","M","T","M","?","M","$","M","R","B",null,"M","M","$","?","?","E","R","M","T","R","M","R","$","E","R","B"],"character_chosen":"THE_SILENT","items_purchased":["PiercingWail","Caltrops","Membership Card","Accuracy"],"campfire_rested":4,"item_purchase_floors":[5,20,30,30],"current_hp_per_floor":[70,53,39,39,39,39,60,59,59,56,49,49,49,45,45,26,70,58,57,57,57,50,24,48,37,37,37,23,47,47,17,41,0],"gold":45,"neow_bonus":"THREE_ENEMY_KILL","is_prod":false,"is_daily":false,"chose_seed":false,"campfire_upgraded":2,"win_rate":0,"timestamp":1633527142,"path_taken":["M","?","?","M","$","E","R","M","T","M","?","M","?","?","R","BOSS","M","M","$","?","?","E","R","M","T","R","?","R","$","E","R","BOSS"],"build_version":"2020-01-27","purchased_purges":3,"victory":false,"max_hp_per_floor":[70,70,70,70,70,70,70,70,70,70,70,70,70,70,70,70,70,70,70,70,70,70,80,80,80,80,80,80,80,80,80,80,80],"card_choices":[{"not_picked":["Dodge and Roll","Choke","Quick Slash"],"picked":"SKIP","floor":1.0},{"not_picked":["PiercingWail","Crippling Poison"],"picked":"Cloak And Dagger","floor":4.0},{"not_picked":["Blur","Tactician"],"picked":"Terror","floor":6.0},{"not_picked":["Crippling Poison","Underhanded Strike","Deadly Poison"],"picked":"Backstab","floor":8.0},{"not_picked":["Dash","PiercingWail","Poisoned Stab"],"picked":"Blade Dance","floor":10.0},{"not_picked":["Sucker Punch","Heel Hook","Tactician"],"picked":"After Image","floor":12.0},{"not_picked":["Outmaneuver","Sucker Punch","Blade Dance"],"picked":"Backflip","floor":14.0},{"not_picked":["Bullet Time","Die Die Die","After Image"],"picked":"Unload","floor":16.0},{"not_picked":["Masterful Stab+1","Escape Plan","Dagger Throw+1"],"picked":"Reflex","floor":18.0},{"not_picked":["Dagger Throw+1","Dodge and Roll","Quick Slash+1"],"picked":"Calculated Gamble","floor":19.0},{"not_picked":["Eviscerate","Masterful Stab","Skewer"],"picked":"Flying Knee","floor":23.0},{"not_picked":["Riddle With Holes","Sucker Punch+1","Choke"],"picked":"Dagger Throw","floor":25.0},{"not_picked":["Predator+1","Poisoned Stab+1","Distraction"],"picked":"Footwork+1","floor":28.0},{"not_picked":["Outmaneuver","Deflect","Flying Knee"],"picked":"Footwork+1","floor":31.0}],"player_experience":100554,"relics_obtained":[{"floor":6.0,"key":"Question Card"},{"floor":9.0,"key":"War Paint"},{"floor":23.0,"key":"Pear"},{"floor":26.0,"key":"Art of War"},{"floor":31.0,"key":"Bottled Flame"}],"event_choices":[{"damage_healed":0.0,"max_hp_gain":0.0,"max_hp_loss":0.0,"gold_gain":0.0,"event_name":"Golden Idol","player_choice":"Take Damage","floor":2.0,"gold_loss":0.0,"damage_taken":17.0,"relics_obtained":["Golden Idol"]},{"damage_healed":0.0,"max_hp_gain":0.0,"max_hp_loss":0.0,"gold_gain":0.0,"event_name":"Shining Light","player_choice":"Entered Light","floor":3.0,"gold_loss":0.0,"damage_taken":14.0,"cards_upgraded":["Defend_G","Strike_G"]},{"cards_removed":["Defend_G"],"damage_healed":0.0,"max_hp_gain":0.0,"max_hp_loss":0.0,"gold_gain":0.0,"event_name":"Golden Wing","player_choice":"Card Removal","floor":11.0,"gold_loss":0.0,"damage_taken":7.0},{"damage_healed":0.0,"max_hp_gain":0.0,"max_hp_loss":0.0,"gold_gain":0.0,"event_name":"Vampires","player_choice":"Ignored","floor":21.0,"gold_loss":0.0,"damage_taken":0.0},{"damage_healed":0.0,"max_hp_gain":0.0,"max_hp_loss":0.0,"gold_gain":75.0,"event_name":"FaceTrader","player_choice":"Touch","floor":22.0,"gold_loss":0.0,"damage_taken":7.0}],"is_beta":false,"boss_relics":[{"not_picked":["Coffee Dripper","Tiny House"],"picked":"SacredBark"}],"items_purged_floors":[5,13,20],"is_endless":false,"potions_floor_spawned":[6,12,18,19,25],"killed_by":"Champ","ascension_level":2}