{"gold_per_floor":[109,109,109,127,26,26,42,62,62,62,75,75,25,38,38,141,141,159,170,170,5,23,23,37,37],"floor_reached":25,"playtime":1959,"items_purged":["Strike_G"],"score":231,"play_id":"4a6343d1-1faf-49eb-bde4-4b692e64319a","local_time":"20211003210839","is_ascension_mode":true,"campfire_choices":[{"data":"Infinite Blades","floor":6,"key":"SMITH"},{"data":"All Out Attack","floor":10,"key":"SMITH"},{"data":"Poisoned Stab","floor":12,"key":"SMITH"},{"data":"Well Laid Plans","floor":15,"key":"SMITH"},{"data":"Apotheosis","floor":23,"key":"SMITH"}],"neow_cost":"NONE","seed_source_timestamp":11502271653720,"circlet_count":0,"master_deck":["Strike_G","Strike_G","Defend_G","Defend_G","Defend_G","Defend_G","Survivor","Neutralize","Backstab","Infinite Blades+1","Poisoned Stab+1","All Out Attack+1","Acrobatics","Well Laid Plans+1","Corpse Explosion","Dagger Throw+1","Apotheosis+1","Predator+1","Footwork+1"],"relics":["Ring of the Snake","Pocketwatch","Philosopher\u0027s Stone"],"potions_floor_usage":[16,19,19,24],"damage_taken":[{"damage":0,"enemies":"2 Louse","floor":1,"turns":3},{"damage":0,"enemies":"Small Slimes","floor":4,"turns":2},{"damage":0,"enemies":"Cultist","floor":7,"turns":3},{"damage":2,"enemies":"Exordium Wildlife","floor":8,"turns":5},{"damage":5,"enemies":"Large Slime","floor":11,"turns":5},{"damage":0,"enemies":"Exordium Thugs","floor":14,"turns":3},{"damage":27,"enemies":"Hexaghost","floor":16,"turns":8},{"damage":28,"enemies":"2 Thieves","floor":18,"turns":3},{"damage":12,"enemies":"3 Byrds","floor":19,"turns":4},{"damage":12,"enemies":"Shelled Parasite and Fungi","floor":22,"turns":6},{"damage":6,"enemies":"Centurion and Healer","floor":24,"turns":5},{"damage":15,"enemies":"Snake Plant","floor":25,"turns":2}],"seed_played":"-7953169689573893631","potions_obtained":[{"floor":7,"key":"SkillPotion"},{"floor":8,"key":"AttackPotion"},{"floor":11,"key":"FearPotion"},{"floor":14,"key":"Regen Potion"},{"floor":18,"key":"LiquidMemories"}],"is_trial":false,"path_per_floor":["M","?","?","M","$","R","M","M","T","R","M","R","?","M","R","B",null,"M","M","?","$","M","R","M","M"],"character_chosen":"THE_SILENT","items_purchased":["Poisoned Stab","Apotheosis"],"campfire_rested":0,"item_purchase_floors":[5,21],"current_hp_per_floor":[70,63,63,63,63,63,63,61,61,61,56,56,56,56,56,29,70,42,44,31,31,19,19,13,0],"gold":37,"neow_bonus":"THREE_CARDS","is_prod":false,"is_daily":false,"chose_seed":false,"campfire_upgraded":5,"win_rate":0,"timestamp":1633266519,"path_taken":["M","?","?","M","$","R","M","M","T","R","?","R","?","M","R","BOSS","M","M","?","$","M","R","M","M"],"build_version":"2020-01-27","purchased_purges":1,"victory":false,"max_hp_per_floor":[70,70,70,70,70,70,70,70,70,70,70,70,70,70,70,70,70,70,70,75,75,75,75,75,75],"card_choices":[{"not_picked":["Deflect","Masterful Stab"],"picked":"Backstab","floor":0},{"not_picked":["Slice","Reflex","Deadly Poison"],"picked":"SKIP","floor":1},{"not_picked":["Masterful Stab","Quick Slash"],"picked":"Infinite Blades","floor":4},{"not_picked":["Choke","Prepared"],"picked":"All Out Attack","floor":7},{"not_picked":["Slice","All Out Attack","Flying Knee"],"picked":"SKIP","floor":8},{"not_picked":["Predator","Distraction"],"picked":"Acrobatics","floor":11},{"not_picked":["Deflect","Acrobatics"],"picked":"Well Laid Plans","floor":14},{"not_picked":["Glass Knife","Burst"],"picked":"Corpse Explosion","floor":16},{"not_picked":["Poisoned Stab","Eviscerate"],"picked":"Dagger Throw+1","floor":18},{"not_picked":["Outmaneuver","Deflect","Expertise"],"picked":"SKIP","floor":19},{"not_picked":["Dodge and Roll+1","Deflect"],"picked":"Predator+1","floor":22},{"not_picked":["Flying Knee","Deflect"],"picked":"Footwork+1","floor":24}],"player_experience":49917,"relics_obtained":[{"floor":9,"key":"Pocketwatch"}],"event_choices":[{"cards_removed":["Strike_G"],"damage_healed":0,"gold_gain":0,"player_choice":"Card Removal","damage_taken":7,"max_hp_gain":0,"max_hp_loss":0,"event_name":"Golden Wing","floor":2,"gold_loss":0},{"cards_removed":["Defend_G"],"damage_healed":0,"gold_gain":0,"player_choice":"Offered Basic","damage_taken":0,"max_hp_gain":0,"max_hp_loss":0,"event_name":"Bonfire Elementals","floor":3,"gold_loss":0},{"cards_removed":["Strike_G"],"damage_healed":0,"gold_gain":0,"player_choice":"Card Removal","damage_taken":0,"max_hp_gain":0,"max_hp_loss":0,"event_name":"The Cleric","floor":13,"gold_loss":50},{"damage_healed":0,"gold_gain":0,"player_choice":"Shed Blood","damage_taken":18,"max_hp_gain":5,"max_hp_loss":0,"event_name":"Forgotten Altar","floor":20,"gold_loss":0}],"is_beta":false,"boss_relics":[{"not_picked":["Snecko Eye","Runic Pyramid"],"picked":"Philosopher\u0027s Stone"}],"items_purged_floors":[5],"is_endless":false,"potions_floor_spawned":[7,8,11,14,18],"killed_by":"Snake Plant","ascension_level":1}