{"gold_per_floor":[113,113,113,38,48,48,73,86,113,113,113,126,126,145,145,243,243,254,82,7,7,17,17,36,56,134,145,107,107,121,121],"floor_reached":31,"playtime":1763,"items_purged":["Regret","Strike_G"],"score":301,"play_id":"56502671-3888-4c2f-a81c-148c8e77b57e","local_time":"20211010005406","is_ascension_mode":true,"campfire_choices":[{"data":"Cloak And Dagger","floor":6.0,"key":"SMITH"},{"data":"Footwork","floor":11.0,"key":"SMITH"},{"data":"Storm of Steel","floor":15.0,"key":"SMITH"},{"data":"Phantasmal Killer","floor":23.0,"key":"SMITH"}],"neow_cost":"NONE","seed_source_timestamp":284829423587443,"circlet_count":0,"master_deck":["Strike_G","Strike_G","Strike_G","Defend_G","Defend_G","Defend_G","Survivor","Neutralize","Backflip","Cloak And Dagger+1","Footwork+1","Backstab","PiercingWail","Acrobatics","Storm of Steel+1","Phantasmal Killer+1","Blade Dance","Infinite Blades","Backflip","Accuracy","Well Laid Plans","Poisoned Stab","Footwork","Grand Finale"],"special_seed":0,"relics":["Ring of the Snake","NeowsBlessing","Omamori","WarpedTongs","Regal Pillow","Snake Skull","HoveringKite","InkBottle"],"potions_floor_usage":[30,30],"damage_taken":[{"damage":0.0,"enemies":"Jaw Worm","floor":1.0,"turns":1.0},{"damage":0.0,"enemies":"Small Slimes","floor":5.0,"turns":1.0},{"damage":0.0,"enemies":"Lagavulin","floor":7.0,"turns":1.0},{"damage":4.0,"enemies":"Cultist","floor":8.0,"turns":3.0},{"damage":1.0,"enemies":"2 Fungi Beasts","floor":12.0,"turns":3.0},{"damage":0.0,"enemies":"Exordium Thugs","floor":14.0,"turns":6.0},{"damage":48.0,"enemies":"The Guardian","floor":16.0,"turns":14.0},{"damage":8.0,"enemies":"3 Byrds","floor":18.0,"turns":7.0},{"damage":15.0,"enemies":"Shell Parasite","floor":22.0,"turns":4.0},{"damage":2.0,"enemies":"Snecko","floor":24.0,"turns":4.0},{"damage":25.0,"enemies":"Sentry and Sphere","floor":25.0,"turns":6.0},{"damage":13.0,"enemies":"Centurion and Healer","floor":27.0,"turns":6.0},{"damage":1,"enemies":"Snake Plant","floor":30,"turns":4}],"seed_played":"2448989007884972637","potions_obtained":[{"floor":8.0,"key":"Dexterity Potion"},{"floor":12.0,"key":"Dexterity Potion"},{"floor":16.0,"key":"Swift Potion"},{"floor":24.0,"key":"Strength Potion"},{"floor":27.0,"key":"Explosive Potion"}],"is_trial":false,"path_per_floor":["M","?","?","$","M","R","E","M","T","?","R","M","?","M","R","B",null,"M","$","?","?","M","R","M","M","T","M","$","$","M","?"],"character_chosen":"THE_SILENT","items_purchased":["Infinite Blades","Footwork"],"campfire_rested":0,"item_purchase_floors":[19,28],"current_hp_per_floor":[70,70,70,70,70,70,70,66,66,66,66,65,65,65,65,17,70,62,62,62,62,47,47,45,20,20,7,7,7,6,0],"gold":121,"neow_bonus":"THREE_ENEMY_KILL","is_prod":false,"is_daily":false,"chose_seed":false,"campfire_upgraded":4,"win_rate":0,"timestamp":1633798446,"path_taken":["M","?","?","$","?","R","E","M","T","?","R","M","?","M","R","BOSS","M","$","?","?","M","R","M","?","T","M","?","$","?","?"],"build_version":"2020-01-27","purchased_purges":2,"victory":false,"max_hp_per_floor":[70,70,70,70,70,70,70,70,70,70,70,70,70,70,70,70,70,70,70,70,70,70,70,70,70,70,70,70,70,70,75],"card_choices":[{"not_picked":["Finisher","Bane"],"picked":"Backflip","floor":1.0},{"not_picked":["Endless Agony","Prepared"],"picked":"Cloak And Dagger","floor":5.0},{"not_picked":["Cloak And Dagger","Well Laid Plans"],"picked":"Footwork","floor":7.0},{"not_picked":["Terror","Dagger Spray"],"picked":"Backstab","floor":8.0},{"not_picked":["Predator","Dodge and Roll"],"picked":"PiercingWail","floor":12.0},{"not_picked":["Infinite Blades","Blur"],"picked":"Storm of Steel","floor":14.0},{"not_picked":["Bullet Time","Die Die Die"],"picked":"Phantasmal Killer","floor":16.0},{"not_picked":["Predator","Prepared"],"picked":"Blade Dance","floor":18.0},{"not_picked":["Crippling Poison","Endless Agony+1"],"picked":"Backflip","floor":22.0},{"not_picked":["Deflect+1","Dodge and Roll"],"picked":"Accuracy","floor":24.0},{"not_picked":["Finisher+1","Blur"],"picked":"Well Laid Plans","floor":25.0},{"not_picked":["Dagger Spray","Caltrops+1"],"picked":"Poisoned Stab","floor":27.0},{"not_picked":["Dagger Throw+1","Deflect"],"picked":"Grand Finale","floor":30}],"player_experience":124813,"relics_obtained":[{"floor":7.0,"key":"Regal Pillow"},{"floor":9.0,"key":"Snake Skull"},{"floor":26.0,"key":"InkBottle"}],"event_choices":[{"damage_healed":0.0,"max_hp_gain":0.0,"max_hp_loss":0.0,"gold_gain":0.0,"event_name":"Big Fish","player_choice":"Box","floor":2.0,"gold_loss":0.0,"damage_taken":0.0,"relics_obtained":["Omamori"],"cards_obtained":["Regret"]},{"damage_healed":0.0,"max_hp_gain":0.0,"max_hp_loss":0.0,"gold_gain":0.0,"event_name":"Accursed Blacksmith","player_choice":"Rummage","floor":3.0,"gold_loss":0.0,"damage_taken":0.0,"relics_obtained":["WarpedTongs"],"cards_obtained":["Pain"]},{"damage_healed":0.0,"max_hp_gain":0.0,"max_hp_loss":0.0,"gold_gain":0.0,"event_name":"Shining Light","player_choice":"Ignored","floor":10.0,"gold_loss":0.0,"damage_taken":0.0},{"damage_healed":0.0,"max_hp_gain":0.0,"max_hp_loss":0.0,"gold_gain":0.0,"cards_transformed":["Defend_G"],"event_name":"Transmorgrifier","player_choice":"Transformed","floor":13.0,"gold_loss":0.0,"damage_taken":0.0,"cards_obtained":["Acrobatics"]},{"cards_removed":["Defend_G"],"damage_healed":0.0,"max_hp_gain":0.0,"max_hp_loss":0.0,"gold_gain":0.0,"event_name":"Beggar","player_choice":"Gave Gold","floor":20.0,"gold_loss":75.0,"damage_taken":0.0},{"cards_removed":["Strike_G"],"damage_healed":0.0,"max_hp_gain":0.0,"max_hp_loss":0.0,"gold_gain":0.0,"event_name":"Purifier","player_choice":"Purged","floor":21.0,"gold_loss":0.0,"damage_taken":0.0}],"is_beta":false,"boss_relics":[{"not_picked":["Sozu","Philosopher\u0027s Stone"],"picked":"HoveringKite"}],"items_purged_floors":[4,19],"is_endless":false,"potions_floor_spawned":[8,12,16,22,24,27],"ascension_level":3}