{"gold_per_floor":[114,130,405,425,437,437,454,454,454,454,464,479,216,231,231,335,335,347,361,59,79,4,4,32,32,32,32,64,64,77,77,77,182,182,197,207,82,82,57,82,82,82,151,171,171,181,181,192,192,192],"floor_reached":51,"playtime":3388,"items_purged":["Regret","Defend_G","Strike_G"],"score":933,"play_id":"168a70d8-817b-448e-a721-b54a8edb3571","local_time":"20211023004733","is_ascension_mode":true,"campfire_choices":[{"data":"Neutralize","floor":6.0,"key":"SMITH"},{"data":"Acrobatics","floor":8.0,"key":"SMITH"},{"data":"Prepared","floor":10.0,"key":"SMITH"},{"data":"Tactician","floor":15.0,"key":"SMITH"},{"data":"Doppelganger","floor":23.0,"key":"SMITH"},{"data":"Catalyst","floor":29.0,"key":"SMITH"},{"data":"Acrobatics","floor":32.0,"key":"SMITH"},{"data":"Calculated Gamble","floor":41.0,"key":"SMITH"},{"data":"Catalyst","floor":45.0,"key":"SMITH"},{"data":"Burst","floor":49,"key":"SMITH"}],"neow_cost":"NONE","seed_source_timestamp":1114235799134583,"circlet_count":0,"master_deck":["Strike_G","Strike_G","Defend_G","Defend_G","Defend_G","Defend_G","Survivor","Neutralize+1","Backstab","Prepared+1","Acrobatics+1","Crippling Poison","Doppelganger+1","Catalyst+1","All Out Attack","Acrobatics+1","Tactician+1","Catalyst+1","Storm of Steel","PiercingWail","Poisoned Stab","Deadly Poison","Tactician","Expertise+1","Shame","Ghostly","Ghostly","Ghostly","Ghostly","Ghostly","Backflip","Venomology","Poisoned Stab","Deadly Poison","Calculated Gamble+1","Burst+1","Acrobatics"],"special_seed":0,"relics":["Ring of the Snake","Pen Nib","DollysMirror","Coffee Dripper","TwistedFunnel","Toy Ornithopter","InkBottle","Kunai","Omamori","HoveringKite","WarpedTongs","Meat on the Bone","Darkstone Periapt"],"potions_floor_usage":[50,50,50,50,50],"damage_taken":[{"damage":2.0,"enemies":"Cultist","floor":1.0,"turns":4.0},{"damage":1.0,"enemies":"Small Slimes","floor":2.0,"turns":4.0},{"damage":6.0,"enemies":"Jaw Worm","floor":4.0,"turns":5.0},{"damage":3.0,"enemies":"Looter","floor":5.0,"turns":3.0},{"damage":0.0,"enemies":"3 Louse","floor":7.0,"turns":4.0},{"damage":6.0,"enemies":"Red Slaver","floor":11.0,"turns":5.0},{"damage":3.0,"enemies":"Looter","floor":12.0,"turns":3.0},{"damage":8.0,"enemies":"2 Fungi Beasts","floor":14.0,"turns":3.0},{"damage":34.0,"enemies":"Slime Boss","floor":16.0,"turns":11.0},{"damage":3.0,"enemies":"3 Byrds","floor":18.0,"turns":4.0},{"damage":3.0,"enemies":"Chosen","floor":19.0,"turns":4.0},{"damage":0.0,"enemies":"Snake Plant","floor":21.0,"turns":3.0},{"damage":18.0,"enemies":"Slavers","floor":24.0,"turns":4.0},{"damage":4.0,"enemies":"Gremlin Leader","floor":28.0,"turns":4.0},{"damage":2.0,"enemies":"Snecko","floor":30.0,"turns":4.0},{"damage":0.0,"enemies":"Sentry and Sphere","floor":31.0,"turns":1.0},{"damage":7.0,"enemies":"Automaton","floor":33.0,"turns":10.0},{"damage":1.0,"enemies":"Orb Walker","floor":35.0,"turns":2.0},{"damage":4.0,"enemies":"3 Darklings","floor":36.0,"turns":3.0},{"damage":1.0,"enemies":"Reptomancer","floor":40.0,"turns":4.0},{"damage":12.0,"enemies":"Sphere and 2 Shapes","floor":44.0,"turns":6.0},{"damage":1.0,"enemies":"Transient","floor":46.0,"turns":5.0},{"damage":0,"enemies":"4 Shapes","floor":48,"turns":4},{"damage":23,"enemies":"Donu and Deca","floor":50,"turns":7}],"seed_played":"3568169544953228889","potions_obtained":[{"floor":1.0,"key":"SkillPotion"},{"floor":2.0,"key":"Energy Potion"},{"floor":4.0,"key":"DuplicationPotion"},{"floor":18.0,"key":"BlessingOfTheForge"},{"floor":19.0,"key":"SmokeBomb"},{"floor":28.0,"key":"DuplicationPotion"},{"floor":33.0,"key":"SpeedPotion"},{"floor":44.0,"key":"Dexterity Potion"}],"is_trial":false,"path_per_floor":["M","M","?","M","M","R","M","R","T","R","M","M","$","M","R","B",null,"M","M","$","M","?","R","E","?","T","?","E","R","M","M","R","B",null,"M","M","$","?","$","E","R","$","T","M","R","M","?","M","R","B",null],"character_chosen":"THE_SILENT","items_purchased":["Tactician","DollysMirror","Deadly Poison","TwistedFunnel","Deadly Poison"],"campfire_rested":0,"item_purchase_floors":[13,13,20,20,39],"current_hp_per_floor":[68,67,67,61,58,58,58,58,58,58,52,49,49,41,41,7,54,51,48,48,48,48,48,30,30,30,30,26,26,24,29,29,27,33,34,30,30,30,30,34,34,34,34,24,24,28,28,28,28,30],"gold":192,"neow_bonus":"TRANSFORM_CARD","is_prod":false,"is_daily":false,"chose_seed":false,"campfire_upgraded":10,"win_rate":0,"timestamp":1634921253,"path_taken":["M","?","?","M","?","R","M","R","T","R","M","M","$","M","R","BOSS","M","M","$","?","?","R","E","?","T","?","E","R","M","M","R","BOSS","M","M","$","?","$","E","R","$","T","?","R","M","?","M","R","BOSS"],"build_version":"2020-12-13","purchased_purges":3,"victory":true,"max_hp_per_floor":[70,70,70,70,70,70,70,70,70,70,70,70,70,70,70,70,70,70,70,70,70,70,70,70,70,70,35,35,35,35,35,35,35,35,35,35,35,35,35,35,35,35,35,35,35,35,35,35,35,35],"card_choices":[{"not_picked":["Accuracy","Noxious Fumes"],"picked":"Prepared","floor":1.0},{"not_picked":["Quick Slash","Cloak And Dagger"],"picked":"Acrobatics","floor":2.0},{"not_picked":["Deadly Poison","Bane"],"picked":"Crippling Poison","floor":4.0},{"not_picked":["Outmaneuver","Sucker Punch"],"picked":"Doppelganger","floor":5.0},{"not_picked":["Skewer","Bane"],"picked":"Catalyst","floor":7.0},{"not_picked":["Blade Dance","Backflip"],"picked":"All Out Attack","floor":11.0},{"not_picked":["Flying Knee","Sucker Punch"],"picked":"Acrobatics","floor":12.0},{"not_picked":["Backflip","Quick Slash","Slice"],"picked":"SKIP","floor":14.0},{"not_picked":["Night Terror","Die Die Die"],"picked":"Storm of Steel","floor":16.0},{"not_picked":["Outmaneuver","Eviscerate"],"picked":"PiercingWail","floor":18.0},{"not_picked":["Acrobatics","Blade Dance"],"picked":"Poisoned Stab","floor":19.0},{"not_picked":["Accuracy","Dagger Spray+1"],"picked":"Tactician","floor":21.0},{"not_picked":["Masterful Stab+1","Flechettes+1"],"picked":"Expertise+1","floor":24.0},{"not_picked":["Outmaneuver","Slice","Grand Finale"],"picked":"SKIP","floor":28.0},{"not_picked":["Heel Hook","PiercingWail+1"],"picked":"Backflip","floor":30.0},{"not_picked":["A Thousand Cuts","Unload"],"picked":"Venomology","floor":33.0},{"not_picked":["Choke+1","Deflect"],"picked":"Poisoned Stab","floor":35.0},{"not_picked":["Skewer+1","Dagger Throw+1","Cloak And Dagger"],"picked":"SKIP","floor":36.0},{"not_picked":["Deflect","Dodge and Roll"],"picked":"Calculated Gamble","floor":40.0},{"not_picked":["Distraction+1","Sucker Punch+1"],"picked":"Burst","floor":44.0},{"not_picked":["Dodge and Roll+1","Slice+1"],"picked":"Acrobatics","floor":46.0},{"not_picked":["Outmaneuver","Sucker Punch","Bane+1"],"picked":"SKIP","floor":48}],"player_experience":172075,"relics_obtained":[{"floor":9.0,"key":"Pen Nib"},{"floor":24.0,"key":"Toy Ornithopter"},{"floor":26.0,"key":"Kunai"},{"floor":28.0,"key":"Omamori"},{"floor":40.0,"key":"Meat on the Bone"},{"floor":43.0,"key":"Darkstone Periapt"}],"event_choices":[{"damage_healed":0.0,"max_hp_gain":0.0,"max_hp_loss":0.0,"gold_gain":275.0,"event_name":"Golden Shrine","player_choice":"Desecrate","floor":3.0,"gold_loss":0.0,"damage_taken":0.0,"cards_obtained":["Regret"]},{"cards_removed":["Strike_G"],"damage_healed":0.0,"max_hp_gain":0.0,"max_hp_loss":0.0,"gold_gain":0.0,"event_name":"Beggar","player_choice":"Gave Gold","floor":22.0,"gold_loss":75.0,"damage_taken":0.0},{"damage_healed":0.0,"max_hp_gain":0.0,"max_hp_loss":0.0,"gold_gain":0.0,"event_name":"Addict","player_choice":"Stole Relic","floor":25.0,"gold_loss":0.0,"damage_taken":0.0,"relics_obtained":["InkBottle"],"cards_obtained":["Shame"]},{"damage_healed":0.0,"max_hp_gain":0.0,"max_hp_loss":35.0,"gold_gain":0.0,"event_name":"Ghosts","player_choice":"Became a Ghost","floor":27.0,"gold_loss":0.0,"damage_taken":0.0,"cards_obtained":["Ghostly","Ghostly","Ghostly","Ghostly","Ghostly"]},{"damage_healed":0.0,"max_hp_gain":0.0,"max_hp_loss":0.0,"gold_gain":0.0,"event_name":"Accursed Blacksmith","player_choice":"Rummage","floor":38.0,"gold_loss":0.0,"damage_taken":0.0,"relics_obtained":["WarpedTongs"],"cards_obtained":["Pain"]},{"damage_healed":0,"gold_gain":0,"player_choice":"Memory 1","damage_taken":0,"max_hp_gain":0,"max_hp_loss":0,"event_name":"SensoryStone","floor":47,"gold_loss":0}],"is_beta":false,"boss_relics":[{"not_picked":["Sozu","Ectoplasm"],"picked":"Coffee Dripper"},{"not_picked":["SlaversCollar","Astrolabe"],"picked":"HoveringKite"}],"items_purged_floors":[13,20,37],"is_endless":false,"potions_floor_spawned":[1,2,4,18,19,28,33,44,48],"ascension_level":5}