{"gold_per_floor":[113,113,188,188,198,229,243,243,315,331,355,355,280,300,300,402,402,418,418,23,23,41,54,54,29,29,41,41],"floor_reached":28,"playtime":1292,"items_purged":["Strike_G","Writhe"],"score":317,"play_id":"fb172ddc-85dd-460e-8223-91589c42f3d7","local_time":"20211017000757","is_ascension_mode":true,"campfire_choices":[{"data":"Tactician","floor":8.0,"key":"SMITH"},{"floor":15.0,"key":"REST"},{"floor":24,"key":"REST"}],"neow_cost":"NONE","seed_source_timestamp":703226934412943,"circlet_count":0,"master_deck":["Strike_G","Strike_G+1","Strike_G","Strike_G","Defend_G","Defend_G","Defend_G","Defend_G","Defend_G","Survivor","Neutralize+1","Poisoned Stab","Tactician+1","Caltrops","Deadly Poison","Underhanded Strike","Underhanded Strike+1","Calculated Gamble","Adrenaline","Catalyst","Prepared","Blade Dance","Terror","Acrobatics","PiercingWail"],"special_seed":0,"relics":["Ring of the Snake","NeowsBlessing","Art of War","Mercury Hourglass","Odd Mushroom","Velvet Choker","InkBottle","Matryoshka","Pear","Frozen Egg 2"],"potions_floor_usage":[27,28],"damage_taken":[{"damage":0.0,"enemies":"Jaw Worm","floor":1.0,"turns":1.0},{"damage":0.0,"enemies":"2 Louse","floor":5.0,"turns":1.0},{"damage":0.0,"enemies":"Gremlin Nob","floor":6.0,"turns":1.0},{"damage":0.0,"enemies":"Cultist","floor":7.0,"turns":3.0},{"damage":0.0,"enemies":"3 Louse","floor":10.0,"turns":3.0},{"damage":11.0,"enemies":"The Mushroom Lair","floor":11.0,"turns":3.0},{"damage":0.0,"enemies":"Large Slime","floor":14.0,"turns":4.0},{"damage":38.0,"enemies":"The Guardian","floor":16.0,"turns":8.0},{"damage":25.0,"enemies":"Spheric Guardian","floor":18.0,"turns":4.0},{"damage":6.0,"enemies":"2 Thieves","floor":22.0,"turns":4.0},{"damage":18.0,"enemies":"Snake Plant","floor":23.0,"turns":4.0},{"damage":21,"enemies":"Centurion and Healer","floor":27,"turns":6},{"damage":29,"enemies":"Book of Stabbing","floor":28,"turns":4}],"seed_played":"-1061318647171451339","potions_obtained":[{"floor":5.0,"key":"DuplicationPotion"},{"floor":11.0,"key":"Block Potion"},{"floor":14.0,"key":"LiquidMemories"},{"floor":18.0,"key":"PowerPotion"},{"floor":22.0,"key":"DistilledChaos"},{"floor":27,"key":"AttackPotion"}],"is_trial":false,"path_per_floor":["M","?","?","?","M","E","M","R","T","M","?","?","$","M","R","B",null,"M","?","$","?","M","M","R","$","T","M","E"],"character_chosen":"THE_SILENT","items_purchased":["Prepared","Matryoshka","Acrobatics"],"campfire_rested":2,"item_purchase_floors":[20,20,25],"current_hp_per_floor":[70,75,64,64,64,64,64,64,64,64,53,38,38,38,60,22,75,50,50,50,50,44,26,48,48,58,37,8],"gold":41,"neow_bonus":"THREE_ENEMY_KILL","is_prod":false,"is_daily":false,"chose_seed":false,"campfire_upgraded":1,"win_rate":0,"timestamp":1634400477,"path_taken":["M","?","?","?","?","E","M","R","T","M","?","?","$","?","R","BOSS","M","?","$","?","M","M","R","?","T","M","E"],"build_version":"2020-12-13","purchased_purges":2,"victory":false,"max_hp_per_floor":[70,75,75,75,75,75,75,75,75,75,75,75,75,75,75,75,75,75,75,75,75,75,75,75,75,85,85,85],"card_choices":[{"not_picked":["Dodge and Roll","Bane"],"picked":"Poisoned Stab","floor":1.0},{"not_picked":["Prepared","Slice"],"picked":"Tactician","floor":5.0},{"not_picked":["Deflect","Distraction"],"picked":"Caltrops","floor":6.0},{"not_picked":["Outmaneuver","A Thousand Cuts"],"picked":"Deadly Poison","floor":7.0},{"not_picked":["Deflect","Dodge and Roll"],"picked":"Underhanded Strike","floor":10.0},{"not_picked":["Skewer","Heel Hook"],"picked":"Underhanded Strike","floor":11.0},{"not_picked":["Choke","Flying Knee"],"picked":"Calculated Gamble","floor":14.0},{"not_picked":["Die Die Die","Corpse Explosion"],"picked":"Adrenaline","floor":16.0},{"not_picked":["Underhanded Strike","Sucker Punch"],"picked":"Catalyst","floor":18.0},{"not_picked":["Backflip","Poisoned Stab"],"picked":"Blade Dance","floor":22.0},{"not_picked":["Predator","Dagger Throw"],"picked":"Terror","floor":23},{"not_picked":["Cloak And Dagger","Dodge and Roll+1"],"picked":"PiercingWail","floor":27}],"player_experience":149520,"relics_obtained":[{"floor":6.0,"key":"Art of War"},{"floor":9.0,"key":"Mercury Hourglass"},{"floor":11.0,"key":"Odd Mushroom"},{"floor":26,"key":"Pear"},{"floor":26,"key":"Frozen Egg 2"}],"event_choices":[{"damage_healed":0.0,"max_hp_gain":5.0,"max_hp_loss":0.0,"gold_gain":0.0,"event_name":"Big Fish","player_choice":"Donut","floor":2.0,"gold_loss":0.0,"damage_taken":0.0},{"damage_healed":0.0,"max_hp_gain":0.0,"max_hp_loss":0.0,"gold_gain":75.0,"event_name":"World of Goop","player_choice":"Gather Gold","floor":3.0,"gold_loss":0.0,"damage_taken":11.0},{"damage_healed":0.0,"max_hp_gain":0.0,"max_hp_loss":0.0,"gold_gain":0.0,"event_name":"Upgrade Shrine","player_choice":"Upgraded","floor":4.0,"gold_loss":0.0,"damage_taken":0.0,"cards_upgraded":["Neutralize"]},{"damage_healed":0.0,"max_hp_gain":0.0,"max_hp_loss":0.0,"gold_gain":0.0,"event_name":"Mushrooms","player_choice":"Fought Mushrooms","floor":11.0,"gold_loss":0.0,"damage_taken":0.0},{"damage_healed":0.0,"max_hp_gain":0.0,"max_hp_loss":0.0,"gold_gain":0.0,"event_name":"Shining Light","player_choice":"Entered Light","floor":12.0,"gold_loss":0.0,"damage_taken":15.0,"cards_upgraded":["Strike_G","Underhanded Strike"]},{"damage_healed":0.0,"max_hp_gain":0.0,"max_hp_loss":0.0,"gold_gain":0.0,"event_name":"The Mausoleum","player_choice":"Opened","floor":19.0,"gold_loss":0.0,"damage_taken":0.0,"relics_obtained":["InkBottle"],"cards_obtained":["Writhe"]},{"damage_healed":0.0,"max_hp_gain":0.0,"max_hp_loss":0.0,"gold_gain":0.0,"event_name":"Lab","player_choice":"Got Potions","floor":21.0,"gold_loss":0.0,"damage_taken":0.0}],"is_beta":false,"boss_relics":[{"not_picked":["Runic Dome","Snecko Eye"],"picked":"Velvet Choker"}],"items_purged_floors":[13,20],"is_endless":false,"potions_floor_spawned":[5,11,14,18,22,27],"killed_by":"Book of Stabbing","ascension_level":4}