{"gold_per_floor":[110,110,110,68,89,126,126,148,148,148,174,196,196,224,224,338,347,357,376,376],"floor_reached":20,"playtime":1267,"items_purged":[],"score":211,"play_id":"a31947f8-6d28-4cb0-b10e-2289a245ada5","local_time":"20211017003107","is_ascension_mode":true,"campfire_choices":[{"data":"Doppelganger","floor":13.0,"key":"SMITH"},{"data":"Prepared","floor":15.0,"key":"SMITH"}],"neow_cost":"NONE","seed_source_timestamp":704581378849661,"circlet_count":0,"master_deck":["Strike_G","Strike_G","Strike_G","Strike_G","Defend_G","Defend_G","Defend_G","Defend_G","Survivor","Neutralize","Dodge and Roll","Underhanded Strike","Dagger Throw","Underhanded Strike","Doppelganger+1","PiercingWail","Caltrops","Backflip","Prepared+1","Grand Finale","CurseOfTheBell","Reflex"],"special_seed":0,"relics":["Ring of the Snake","CeramicFish","MealTicket","Shuriken","Pantograph","Calling Bell","Nunchaku","Gremlin Horn","WingedGreaves"],"potions_floor_usage":[],"damage_taken":[{"damage":7.0,"enemies":"2 Louse","floor":1.0,"turns":3.0},{"damage":0.0,"enemies":"Jaw Worm","floor":5.0,"turns":3.0},{"damage":6.0,"enemies":"3 Sentries","floor":6.0,"turns":8.0},{"damage":0.0,"enemies":"Cultist","floor":8.0,"turns":3.0},{"damage":2.0,"enemies":"Lots of Slimes","floor":11.0,"turns":4.0},{"damage":0.0,"enemies":"Large Slime","floor":12.0,"turns":5.0},{"damage":0.0,"enemies":"Blue Slaver","floor":14.0,"turns":3.0},{"damage":56.0,"enemies":"Slime Boss","floor":16.0,"turns":11.0},{"damage":7,"enemies":"3 Byrds","floor":18,"turns":3},{"damage":48,"enemies":"Spheric Guardian","floor":19,"turns":7},{"damage":27,"enemies":"Snake Plant","floor":20,"turns":5}],"seed_played":"7250076524603488252","potions_obtained":[{"floor":5.0,"key":"DistilledChaos"},{"floor":12.0,"key":"Energy Potion"}],"is_trial":false,"path_per_floor":["M","?","?","$","M","E","T","M","T","?","M","M","R","M","R","B",null,"M","M","M"],"character_chosen":"THE_SILENT","items_purchased":["Dagger Throw"],"campfire_rested":0,"item_purchase_floors":[4],"current_hp_per_floor":[63,56,56,56,56,50,50,50,50,55,53,53,53,53,53,19,75,68,20,0],"gold":376,"neow_bonus":"TRANSFORM_CARD","is_prod":false,"is_daily":false,"chose_seed":false,"campfire_upgraded":2,"win_rate":0,"timestamp":1634401867,"path_taken":["M","?","?","$","M","E","?","?","T","?","M","M","R","M","R","BOSS","M","M","M"],"build_version":"2020-12-13","purchased_purges":0,"victory":false,"max_hp_per_floor":[70,70,70,70,70,70,70,70,70,75,75,75,75,75,75,75,75,75,75,75],"card_choices":[{"not_picked":["Poisoned Stab","Dagger Throw"],"picked":"Underhanded Strike","floor":1.0},{"not_picked":["Poisoned Stab","Dagger Throw"],"picked":"Underhanded Strike","floor":5.0},{"not_picked":["Masterful Stab","Terror"],"picked":"Doppelganger","floor":6.0},{"not_picked":["Quick Slash","All Out Attack"],"picked":"PiercingWail","floor":8.0},{"not_picked":["Quick Slash","Bouncing Flask"],"picked":"Caltrops","floor":11.0},{"not_picked":["Dagger Spray","Poisoned Stab"],"picked":"Backflip","floor":12.0},{"not_picked":["Outmaneuver","Dagger Throw"],"picked":"Prepared","floor":14.0},{"not_picked":["Burst","Corpse Explosion"],"picked":"Grand Finale","floor":16.0},{"not_picked":["Dodge and Roll","Dagger Throw","Deadly Poison"],"picked":"SKIP","floor":18},{"not_picked":["Outmaneuver","Riddle With Holes"],"picked":"Reflex","floor":19}],"player_experience":150812,"relics_obtained":[{"floor":6.0,"key":"MealTicket"},{"floor":7.0,"key":"Shuriken"},{"floor":9.0,"key":"Pantograph"},{"floor":17,"key":"Nunchaku"},{"floor":17,"key":"Gremlin Horn"},{"floor":17,"key":"WingedGreaves"}],"event_choices":[{"damage_healed":0.0,"max_hp_gain":0.0,"max_hp_loss":0.0,"gold_gain":0.0,"event_name":"Scrap Ooze","player_choice":"Success","floor":2.0,"gold_loss":0.0,"damage_taken":7.0,"relics_obtained":["CeramicFish"]},{"cards_removed":["Defend_G"],"damage_healed":0.0,"max_hp_gain":0.0,"max_hp_loss":0.0,"gold_gain":0.0,"event_name":"Living Wall","player_choice":"Forget","floor":3.0,"gold_loss":0.0,"damage_taken":0.0},{"damage_healed":0.0,"max_hp_gain":5.0,"max_hp_loss":0.0,"gold_gain":0.0,"event_name":"Big Fish","player_choice":"Donut","floor":10.0,"gold_loss":0.0,"damage_taken":0.0}],"is_beta":false,"boss_relics":[{"not_picked":["WristBlade","Pandora\u0027s Box"],"picked":"Calling Bell"}],"items_purged_floors":[],"is_endless":false,"potions_floor_spawned":[5,12],"killed_by":"Snake Plant","ascension_level":4}