{"gold_per_floor":[109,209,229,249,267,267,292,312,336,106,125,125,156,156,156,156],"floor_reached":16,"playtime":991,"items_purged":["Strike_G"],"score":134,"play_id":"58c48817-03df-4c01-a38c-491a67ce5d84","local_time":"20211017004922","is_ascension_mode":true,"campfire_choices":[{"data":"Neutralize","floor":6.0,"key":"SMITH"},{"data":"Acrobatics","floor":15,"key":"SMITH"}],"neow_cost":"NONE","seed_source_timestamp":705979809079999,"circlet_count":0,"master_deck":["Strike_G","Strike_G","Strike_G","Strike_G","Defend_G","Defend_G","Defend_G+1","Defend_G","Defend_G+1","Survivor","Neutralize+1","Quick Slash","Flying Knee","Dagger Spray","Concentrate","PiercingWail","Calculated Gamble","Acrobatics+1"],"special_seed":0,"relics":["Black Star","Singing Bowl","War Paint","Oddly Smooth Stone","Membership Card","Ancient Tea Set","Regal Pillow"],"potions_floor_usage":[13,13],"damage_taken":[{"damage":1.0,"enemies":"Small Slimes","floor":1.0,"turns":4.0},{"damage":0.0,"enemies":"Cultist","floor":3.0,"turns":4.0},{"damage":0.0,"enemies":"Jaw Worm","floor":4.0,"turns":4.0},{"damage":4.0,"enemies":"Exordium Wildlife","floor":5.0,"turns":3.0},{"damage":10.0,"enemies":"3 Sentries","floor":7.0,"turns":7.0},{"damage":5.0,"enemies":"3 Louse","floor":8.0,"turns":3.0},{"damage":2.0,"enemies":"Exordium Thugs","floor":11.0,"turns":7.0},{"damage":5,"enemies":"Lagavulin","floor":13,"turns":5},{"damage":52,"enemies":"Slime Boss","floor":16,"turns":10}],"seed_played":"5612914867542766466","potions_obtained":[{"floor":3.0,"key":"SmokeBomb"},{"floor":4.0,"key":"CunningPotion"},{"floor":5.0,"key":"CunningPotion"},{"floor":7.0,"key":"AttackPotion"}],"is_trial":false,"path_per_floor":["M","?","M","M","M","R","E","M","T","$","M","?","E","?","R","B"],"character_chosen":"THE_SILENT","items_purchased":["Membership Card","Calculated Gamble"],"campfire_rested":0,"item_purchase_floors":[10,10],"current_hp_per_floor":[69,69,69,69,65,65,55,50,50,50,48,53,50,50,50,0],"gold":156,"neow_bonus":"BOSS_RELIC","is_prod":false,"is_daily":false,"chose_seed":false,"campfire_upgraded":2,"win_rate":0,"timestamp":1634402962,"path_taken":["M","?","M","?","M","R","E","M","T","$","M","?","E","?","R","BOSS"],"build_version":"2020-12-13","purchased_purges":1,"victory":false,"max_hp_per_floor":[70,70,70,70,70,70,70,70,70,70,70,75,77,77,77,77],"card_choices":[{"not_picked":["Bane","Eviscerate"],"picked":"Quick Slash","floor":1.0},{"not_picked":["Quick Slash","Predator"],"picked":"Flying Knee","floor":3.0},{"not_picked":["Backflip","Glass Knife"],"picked":"Dagger Spray","floor":4.0},{"not_picked":["Quick Slash","Sucker Punch","Dagger Spray"],"picked":"SKIP","floor":5.0},{"not_picked":["Underhanded Strike","Deflect"],"picked":"Concentrate","floor":7.0},{"not_picked":["Slice","Deadly Poison"],"picked":"PiercingWail","floor":8.0},{"not_picked":["Deadly Poison","PiercingWail"],"picked":"Acrobatics","floor":11.0},{"not_picked":["Blur","Bullet Time","Caltrops"],"picked":"Singing Bowl","floor":13}],"player_experience":152079,"relics_obtained":[{"floor":7.0,"key":"Singing Bowl"},{"floor":7.0,"key":"War Paint"},{"floor":9.0,"key":"Oddly Smooth Stone"},{"floor":13,"key":"Ancient Tea Set"},{"floor":13,"key":"Regal Pillow"}],"event_choices":[{"damage_healed":0.0,"max_hp_gain":0.0,"max_hp_loss":0.0,"gold_gain":100.0,"event_name":"Golden Shrine","player_choice":"Pray","floor":2.0,"gold_loss":0.0,"damage_taken":0.0},{"damage_healed":0,"gold_gain":0,"player_choice":"Donut","damage_taken":0,"max_hp_gain":5,"max_hp_loss":0,"event_name":"Big Fish","floor":12,"gold_loss":0},{"damage_healed":0,"gold_gain":0,"player_choice":"Ignored","damage_taken":0,"max_hp_gain":0,"max_hp_loss":0,"event_name":"Liars Game","floor":14,"gold_loss":0}],"is_beta":false,"boss_relics":[],"items_purged_floors":[10],"is_endless":false,"potions_floor_spawned":[3,4,5,7],"killed_by":"Slime Boss","ascension_level":4}