{"gold_per_floor":[114,114,114,124,224,257,269,306,318,330,352,391,43,59,59,154,154,169,16,33,53,53,53,67,97,169,200,213,228,241,271,271,384,384,408,426,441,169,195,230,255,255,315,315,374,374,386,421,421,421],"floor_reached":51,"playtime":3929,"items_purged":["Pain","Strike_G","Defend_G"],"score":1139,"play_id":"1d84be45-8cf4-4c1b-a4ae-f1e6a9cd90f6","local_time":"20211017115750","is_ascension_mode":true,"campfire_choices":[{"floor":7.0,"key":"REST"},{"floor":10.0,"key":"REST"},{"data":"Well Laid Plans","floor":15.0,"key":"SMITH"},{"floor":23.0,"key":"REST"},{"floor":32.0,"key":"REST"},{"data":"Acrobatics","floor":42.0,"key":"SMITH"},{"data":"Wraith Form v2","floor":44.0,"key":"SMITH"},{"data":"Adrenaline","floor":49.0,"key":"SMITH"}],"neow_cost":"NONE","seed_source_timestamp":0,"circlet_count":0,"master_deck":["Strike_G","Strike_G","Strike_G","Defend_G","Defend_G","Defend_G+1","Survivor","Neutralize+1","Terror","Well Laid Plans+1","Deadly Poison","Blade Dance+1","Deflect","Grand Finale","Die Die Die","Acrobatics+1","Escape Plan+1","Parasite","Wraith Form v2+1","Adrenaline+1","PiercingWail","Die Die Die+1","Blade Dance","Purity+1","Backflip","Escape Plan","Concentrate+1","Acrobatics+1","Shame","Blur","Envenom"],"special_seed":0,"relics":["Black Star","WarpedTongs","Tingsha","MawBank","Akabeko","Regal Pillow","Eternal Feather","Matryoshka","Du-Vu Doll","Ice Cream","Cursed Key","Enchiridion","Lantern","Ginger","Ancient Tea Set","Molten Egg 2","Unceasing Top","Pen Nib","Tiny Chest","CeramicFish","Empty Cage","Nunchaku","Mercury Hourglass","War Paint","White Beast Statue","Art of War","The Specimen","Juzu Bracelet","Bottled Lightning"],"potions_floor_usage":[50,50],"damage_taken":[{"damage":10.0,"enemies":"2 Louse","floor":1.0,"turns":5.0},{"damage":4.0,"enemies":"Cultist","floor":4.0,"turns":4.0},{"damage":37.0,"enemies":"3 Sentries","floor":6.0,"turns":11.0},{"damage":17.0,"enemies":"Gremlin Nob","floor":8.0,"turns":4.0},{"damage":1.0,"enemies":"Small Slimes","floor":11.0,"turns":3.0},{"damage":23.0,"enemies":"Lagavulin","floor":12.0,"turns":6.0},{"damage":1.0,"enemies":"2 Fungi Beasts","floor":14.0,"turns":3.0},{"damage":34.0,"enemies":"The Guardian","floor":16.0,"turns":8.0},{"damage":0.0,"enemies":"Chosen","floor":18.0,"turns":4.0},{"damage":16.0,"enemies":"Spheric Guardian","floor":20.0,"turns":4.0},{"damage":13.0,"enemies":"Shelled Parasite and Fungi","floor":21.0,"turns":3.0},{"damage":21.0,"enemies":"Snake Plant","floor":24.0,"turns":5.0},{"damage":0.0,"enemies":"Gremlin Leader","floor":25.0,"turns":6.0},{"damage":22.0,"enemies":"Book of Stabbing","floor":27.0,"turns":5.0},{"damage":1.0,"enemies":"Chosen and Byrds","floor":28.0,"turns":3.0},{"damage":0.0,"enemies":"Snecko","floor":29.0,"turns":4.0},{"damage":0.0,"enemies":"Snake Plant","floor":30.0,"turns":3.0},{"damage":1.0,"enemies":"Slavers","floor":31.0,"turns":4.0},{"damage":64.0,"enemies":"Automaton","floor":33.0,"turns":13.0},{"damage":1.0,"enemies":"Orb Walker","floor":35.0,"turns":3.0},{"damage":12.0,"enemies":"3 Shapes","floor":37.0,"turns":5.0},{"damage":0.0,"enemies":"Jaw Worm Horde","floor":39.0,"turns":2.0},{"damage":29.0,"enemies":"Nemesis","floor":40.0,"turns":5.0},{"damage":13.0,"enemies":"Spire Growth","floor":41.0,"turns":4.0},{"damage":0.0,"enemies":"Mind Bloom Boss Battle","floor":45.0,"turns":2.0},{"damage":1.0,"enemies":"Sphere and 2 Shapes","floor":47.0,"turns":3.0},{"damage":0.0,"enemies":"Giant Head","floor":48.0,"turns":4.0},{"damage":0,"enemies":"Donu and Deca","floor":50,"turns":7}],"seed_played":"-2356658340350597875","potions_obtained":[{"floor":6.0,"key":"Regen Potion"},{"floor":11.0,"key":"Energy Potion"},{"floor":14.0,"key":"PowerPotion"},{"floor":16.0,"key":"GamblersBrew"},{"floor":18.0,"key":"GhostInAJar"},{"floor":21.0,"key":"Explosive Potion"},{"floor":27.0,"key":"Ancient Potion"},{"floor":29.0,"key":"SpeedPotion"},{"floor":33.0,"key":"Weak Potion"},{"floor":39.0,"key":"Fire Potion"},{"floor":41.0,"key":"SkillPotion"},{"floor":45.0,"key":"SkillPotion"},{"floor":48.0,"key":"Energy Potion"}],"is_trial":false,"path_per_floor":["M","?","?","M","?","E","R","E","T","R","M","E","$","M","R","B",null,"M","$","M","M","?","R","M","E","T","E","M","M","M","E","R","B",null,"M","?","M","$","M","E","M","R","T","R","?","T","M","E","R","B",null],"character_chosen":"THE_SILENT","items_purchased":["Ice Cream","Acrobatics","Nunchaku"],"campfire_rested":4,"item_purchase_floors":[13,19,38],"current_hp_per_floor":[60,46,46,42,42,5,26,21,21,66,65,42,42,41,50,16,70,70,70,54,41,25,70,49,49,49,27,26,26,26,25,70,6,70,69,69,57,57,57,28,15,30,30,45,45,45,44,44,62,62],"gold":421,"neow_bonus":"BOSS_RELIC","is_prod":false,"is_daily":false,"chose_seed":false,"campfire_upgraded":4,"win_rate":0,"timestamp":1634443070,"path_taken":["M","?","?","?","?","E","R","E","T","R","M","E","$","M","R","BOSS","M","?","M","M","?","R","M","E","T","E","M","M","M","E","R","BOSS","M","?","?","$","M","E","M","R","T","R","?","?","M","E","R","BOSS"],"build_version":"2020-12-13","purchased_purges":3,"victory":true,"max_hp_per_floor":[70,70,70,70,70,70,70,70,70,70,70,70,70,70,70,70,70,70,70,70,70,70,70,70,70,70,70,70,70,70,70,70,70,70,70,70,70,70,70,70,70,70,70,70,70,70,70,70,70,70],"card_choices":[{"not_picked":["Outmaneuver","Crippling Poison"],"picked":"Terror","floor":1.0},{"not_picked":["Deflect","Dodge and Roll"],"picked":"Well Laid Plans","floor":4.0},{"not_picked":["Dodge and Roll","Terror"],"picked":"Deadly Poison","floor":6.0},{"not_picked":["Dodge and Roll","Backstab"],"picked":"Blade Dance","floor":8.0},{"not_picked":["Outmaneuver","Deadly Poison"],"picked":"Deflect","floor":11.0},{"not_picked":["Distraction","Masterful Stab"],"picked":"Grand Finale","floor":12.0},{"not_picked":["Backflip","Deadly Poison","Dodge and Roll"],"picked":"SKIP","floor":14.0},{"not_picked":["Bullet Time","Unload"],"picked":"Die Die Die","floor":16.0},{"not_picked":["Slice+1","Flying Knee","Backstab+1"],"picked":"SKIP","floor":18.0},{"not_picked":["Heel Hook","Caltrops","Quick Slash"],"picked":"SKIP","floor":20.0},{"not_picked":["Distraction","Leg Sweep"],"picked":"Escape Plan+1","floor":21.0},{"not_picked":["Quick Slash","Poisoned Stab","Dagger Spray+1"],"picked":"SKIP","floor":24.0},{"not_picked":["Choke","Bouncing Flask","Deadly Poison+1"],"picked":"SKIP","floor":25.0},{"not_picked":["Slice+1","Quick Slash+1"],"picked":"Wraith Form v2","floor":27.0},{"not_picked":["Tactician","Deadly Poison+1"],"picked":"Adrenaline","floor":28.0},{"not_picked":["Deadly Poison","Slice+1","Finisher+1"],"picked":"SKIP","floor":29.0},{"not_picked":["Sucker Punch+1","Flying Knee+1"],"picked":"PiercingWail","floor":30.0},{"not_picked":["Dagger Spray+1","PiercingWail","Flying Knee+1"],"picked":"SKIP","floor":31.0},{"not_picked":["Tools of the Trade","Phantasmal Killer"],"picked":"Die Die Die+1","floor":33.0},{"not_picked":["PiercingWail+1","Sucker Punch+1"],"picked":"Blade Dance","floor":35.0},{"not_picked":["Distraction+1","Sucker Punch+1","Bane+1"],"picked":"SKIP","floor":37.0},{"not_picked":["Dagger Throw+1","All Out Attack+1"],"picked":"Escape Plan","floor":39.0},{"not_picked":["PiercingWail+1","Bane+1"],"picked":"Concentrate+1","floor":40.0},{"not_picked":["Dodge and Roll+1","Quick Slash+1"],"picked":"Acrobatics+1","floor":41.0},{"not_picked":["Endless Agony+1","Quick Slash+1"],"picked":"Blur","floor":45.0},{"not_picked":["Dash+1","Blur","Concentrate+1"],"picked":"SKIP","floor":47.0},{"not_picked":["Accuracy","Concentrate+1"],"picked":"Envenom","floor":48.0}],"player_experience":153070,"relics_obtained":[{"floor":6.0,"key":"Tingsha"},{"floor":6.0,"key":"MawBank"},{"floor":8.0,"key":"Akabeko"},{"floor":8.0,"key":"Regal Pillow"},{"floor":9.0,"key":"Eternal Feather"},{"floor":12.0,"key":"Matryoshka"},{"floor":12.0,"key":"Du-Vu Doll"},{"floor":22.0,"key":"Enchiridion"},{"floor":25.0,"key":"Lantern"},{"floor":25.0,"key":"Ginger"},{"floor":26.0,"key":"Ancient Tea Set"},{"floor":26.0,"key":"Molten Egg 2"},{"floor":27.0,"key":"Unceasing Top"},{"floor":27.0,"key":"Pen Nib"},{"floor":31.0,"key":"Tiny Chest"},{"floor":31.0,"key":"CeramicFish"},{"floor":40.0,"key":"Mercury Hourglass"},{"floor":40.0,"key":"War Paint"},{"floor":43.0,"key":"White Beast Statue"},{"floor":43.0,"key":"Art of War"},{"floor":45.0,"key":"The Specimen"},{"floor":48.0,"key":"Juzu Bracelet"},{"floor":48.0,"key":"Bottled Lightning"}],"event_choices":[{"damage_healed":0.0,"max_hp_gain":0.0,"max_hp_loss":0.0,"gold_gain":0.0,"event_name":"Shining Light","player_choice":"Entered Light","floor":2.0,"gold_loss":0.0,"damage_taken":14.0,"cards_upgraded":["Neutralize","Defend_G"]},{"damage_healed":0.0,"max_hp_gain":0.0,"max_hp_loss":0.0,"gold_gain":0.0,"event_name":"Accursed Blacksmith","player_choice":"Rummage","floor":3.0,"gold_loss":0.0,"damage_taken":0.0,"relics_obtained":["WarpedTongs"],"cards_obtained":["Pain"]},{"damage_healed":0.0,"max_hp_gain":0.0,"max_hp_loss":0.0,"gold_gain":100.0,"event_name":"Golden Shrine","player_choice":"Pray","floor":5.0,"gold_loss":0.0,"damage_taken":0.0},{"damage_healed":0.0,"max_hp_gain":0.0,"max_hp_loss":0.0,"gold_gain":0.0,"event_name":"Cursed Tome","player_choice":"Obtained Book","floor":22.0,"gold_loss":0.0,"damage_taken":16.0},{"damage_healed":0.0,"max_hp_gain":0.0,"max_hp_loss":0.0,"gold_gain":0.0,"event_name":"Match and Keep!","player_choice":"2 cards matched","floor":36.0,"gold_loss":0.0,"damage_taken":0.0,"cards_obtained":["Purity","Backflip"]},{"damage_healed":0.0,"max_hp_gain":0.0,"max_hp_loss":0.0,"gold_gain":0.0,"event_name":"MindBloom","player_choice":"Fight","floor":45.0,"gold_loss":0.0,"damage_taken":0.0}],"is_beta":false,"boss_relics":[{"not_picked":["Ectoplasm","Coffee Dripper"],"picked":"Cursed Key"},{"not_picked":["Velvet Choker","SlaversCollar"],"picked":"Empty Cage"}],"items_purged_floors":[13,19,38],"is_endless":false,"potions_floor_spawned":[6,11,14,16,18,21,27,29,33,39,41,45,47,48],"ascension_level":4}