{"gold_per_floor":[118,118,118,118,141,182,203,203,203,82,32,48,68,68,68,188,188,211,252,11,11,36,49,49,49,49,49,93,159,159,209,209,312,312,330,205,305,17,30,30,64,64,64,91,141,203,217,267,267,267],"floor_reached":51,"playtime":3059,"items_purged":["Strike_P","Strike_P","Defend_P","Shame"],"score":900,"play_id":"3b02e310-c43b-4785-8579-e352bf4d9a91","local_time":"20211007175005","is_ascension_mode":true,"campfire_choices":[{"data":"LikeWater","floor":8.0,"key":"SMITH"},{"data":"PathToVictory","floor":15.0,"key":"SMITH"},{"floor":25.0,"key":"REST"},{"floor":27.0,"key":"REST"},{"floor":30.0,"key":"REST"},{"floor":32.0,"key":"REST"},{"floor":40.0,"key":"REST"},{"floor":42.0,"key":"REST"},{"floor":49.0,"key":"REST"}],"neow_cost":"NONE","seed_source_timestamp":137978967115850,"circlet_count":0,"master_deck":["Defend_P","Defend_P+1","Defend_P+1","Eruption","Vigilance","LikeWater+1","ReachHeaven","PathToVictory+1","Swivel","Study","Ragnarok","LikeWater","Vault","PathToVictory","CurseOfTheBell","PathToVictory","EmptyBody+1","EmptyFist","DevaForm","WindmillStrike+1","FearNoEvil+1","ThirdEye+1"],"special_seed":0,"relics":["PureWater","NeowsBlessing","Mercury Hourglass","Bloody Idol","Bronze Scales","Kunai","Fusion Hammer","Red Mask","White Beast Statue","SsserpentHead","Sundial","War Paint","Calling Bell","Bag of Marbles","Shuriken","Prayer Wheel","Mango","Molten Egg 2","Meat on the Bone","Art of War"],"potions_floor_usage":[50,50,50],"damage_taken":[{"damage":0.0,"enemies":"Small Slimes","floor":1.0,"turns":1.0},{"damage":0.0,"enemies":"2 Louse","floor":5.0,"turns":1.0},{"damage":0.0,"enemies":"Gremlin Nob","floor":6.0,"turns":1.0},{"damage":0.0,"enemies":"Cultist","floor":7.0,"turns":3.0},{"damage":3.0,"enemies":"Exordium Thugs","floor":12.0,"turns":4.0},{"damage":0.0,"enemies":"Looter","floor":13.0,"turns":3.0},{"damage":14.0,"enemies":"Hexaghost","floor":16.0,"turns":7.0},{"damage":0.0,"enemies":"Chosen","floor":18.0,"turns":4.0},{"damage":42.0,"enemies":"Masked Bandits","floor":19.0,"turns":4.0},{"damage":14.0,"enemies":"Spheric Guardian","floor":22.0,"turns":6.0},{"damage":13.0,"enemies":"Snake Plant","floor":23.0,"turns":4.0},{"damage":11.0,"enemies":"Slavers","floor":28.0,"turns":7.0},{"damage":3.0,"enemies":"Cultist and Chosen","floor":29.0,"turns":6.0},{"damage":32.0,"enemies":"Champ","floor":33.0,"turns":10.0},{"damage":31.0,"enemies":"3 Darklings","floor":35.0,"turns":6.0},{"damage":8.0,"enemies":"Mind Bloom Boss Battle","floor":37.0,"turns":7.0},{"damage":7.0,"enemies":"3 Shapes","floor":39.0,"turns":6.0},{"damage":60.0,"enemies":"Reptomancer","floor":41.0,"turns":7.0},{"damage":23.0,"enemies":"Giant Head","floor":44.0,"turns":7.0},{"damage":7.0,"enemies":"Maw","floor":46.0,"turns":6.0},{"damage":12.0,"enemies":"3 Darklings","floor":47.0,"turns":4.0},{"damage":69,"enemies":"Donu and Deca","floor":50,"turns":8}],"seed_played":"6956443632229568630","potions_obtained":[{"floor":1.0,"key":"SneckoOil"},{"floor":7.0,"key":"Weak Potion"},{"floor":18.0,"key":"Energy Potion"},{"floor":22.0,"key":"BottledMiracle"},{"floor":23.0,"key":"ColorlessPotion"},{"floor":29.0,"key":"LiquidBronze"},{"floor":33.0,"key":"DuplicationPotion"},{"floor":35.0,"key":"Ancient Potion"},{"floor":37.0,"key":"DuplicationPotion"},{"floor":41.0,"key":"SkillPotion"},{"floor":44.0,"key":"DistilledChaos"},{"floor":46.0,"key":"Explosive Potion"},{"floor":47.0,"key":"DistilledChaos"}],"is_trial":false,"path_per_floor":["M","?","?","?","M","E","M","R","T","$","?","M","M","?","R","B",null,"M","?","$","?","M","M","?","R","T","R","E","M","R","?","R","B",null,"M","$","?","$","M","R","E","R","T","E","?","M","M","?","R","B",null],"character_chosen":"WATCHER","items_purchased":["PathToVictory","Ragnarok","DevaForm"],"campfire_rested":7,"item_purchase_floors":[10,20,38],"current_hp_per_floor":[72,65,47,47,47,47,47,47,47,47,47,44,44,44,44,30,72,72,30,30,30,16,3,3,24,24,45,34,31,52,52,72,45,72,46,46,62,62,60,85,30,55,55,49,96,94,87,92,96,39],"gold":267,"neow_bonus":"THREE_ENEMY_KILL","is_prod":false,"is_daily":false,"chose_seed":false,"campfire_upgraded":2,"win_rate":0,"timestamp":1633600205,"path_taken":["M","?","?","?","?","E","M","R","T","$","?","M","M","?","R","BOSS","M","?","$","?","M","M","?","R","T","R","E","?","R","?","R","BOSS","M","$","?","$","M","R","E","R","T","E","?","?","M","?","R","BOSS"],"build_version":"2020-01-27","purchased_purges":4,"victory":true,"max_hp_per_floor":[72,72,72,72,72,72,72,72,72,72,72,72,72,72,72,72,72,72,72,72,72,72,72,72,72,72,72,72,72,72,72,72,72,72,72,72,86,86,86,86,86,86,86,86,96,96,96,96,96,96],"card_choices":[{"not_picked":["Wallop","Weave"],"picked":"LikeWater","floor":1.0},{"not_picked":["ClearTheMind","JustLucky","Pray"],"picked":"SKIP","floor":5.0},{"not_picked":["CarveReality","SashWhip"],"picked":"ReachHeaven","floor":6.0},{"not_picked":["BowlingBash","Worship","Wallop"],"picked":"SKIP","floor":7.0},{"not_picked":["Prostrate","Crescendo","Sanctity"],"picked":"SKIP","floor":12.0},{"not_picked":["Prostrate","Collect","BowlingBash"],"picked":"SKIP","floor":13.0},{"not_picked":["Blasphemy","Judgement"],"picked":"Establishment","floor":16.0},{"not_picked":["Evaluate","ClearTheMind","Fasting2+1"],"picked":"SKIP","floor":18.0},{"not_picked":["ClearTheMind","Halt"],"picked":"Study","floor":19.0},{"not_picked":["ClearTheMind+1","Evaluate+1"],"picked":"LikeWater","floor":22.0},{"not_picked":["Perseverance+1","BowlingBash"],"picked":"Vault","floor":23.0},{"not_picked":["WaveOfTheHand","Halt","CarveReality"],"picked":"SKIP","floor":28.0},{"not_picked":["FlurryOfBlows+1","ClearTheMind+1"],"picked":"PathToVictory","floor":29.0},{"not_picked":["SashWhip+1","Crescendo+1"],"picked":"PathToVictory","floor":35.0},{"not_picked":["CarveReality+1","Consecrate"],"picked":"EmptyBody+1","floor":35.0},{"not_picked":["CarveReality+1","FollowUp+1"],"picked":"EmptyFist","floor":37.0},{"not_picked":["FlyingSleeves+1","CutThroughFate+1","JustLucky"],"picked":"SKIP","floor":39.0},{"not_picked":["SashWhip","EmptyFist+1","Crescendo+1"],"picked":"SKIP","floor":39.0},{"not_picked":["WreathOfFlame","MasterReality"],"picked":"WindmillStrike+1","floor":41.0},{"not_picked":["WindmillStrike+1","Vengeance"],"picked":"FearNoEvil+1","floor":44.0},{"not_picked":["ClearTheMind","SignatureMove+1","JustLucky+1"],"picked":"SKIP","floor":46.0},{"not_picked":["FollowUp+1","SashWhip+1","EmptyBody"],"picked":"SKIP","floor":46.0},{"not_picked":["Crescendo","Sanctity"],"picked":"ThirdEye","floor":47.0},{"not_picked":["JustLucky+1","FollowUp+1","Ragnarok+1"],"picked":"SKIP","floor":47.0}],"player_experience":115954,"relics_obtained":[{"floor":6.0,"key":"Bronze Scales"},{"floor":9.0,"key":"Kunai"},{"floor":19.0,"key":"Red Mask"},{"floor":26.0,"key":"Sundial"},{"floor":28.0,"key":"War Paint"},{"floor":34.0,"key":"Bag of Marbles"},{"floor":34.0,"key":"Shuriken"},{"floor":34.0,"key":"Prayer Wheel"},{"floor":37.0,"key":"Mango"},{"floor":41.0,"key":"Molten Egg 2"},{"floor":43.0,"key":"Meat on the Bone"},{"floor":44.0,"key":"Art of War"}],"event_choices":[{"damage_healed":0.0,"max_hp_gain":0.0,"max_hp_loss":0.0,"gold_gain":0.0,"event_name":"Scrap Ooze","player_choice":"Success","floor":2.0,"gold_loss":0.0,"damage_taken":7.0,"relics_obtained":["Mercury Hourglass"]},{"damage_healed":0.0,"max_hp_gain":0.0,"max_hp_loss":0.0,"gold_gain":0.0,"event_name":"Golden Idol","player_choice":"Take Damage","floor":3.0,"gold_loss":0.0,"damage_taken":18.0,"relics_obtained":["Golden Idol"]},{"damage_healed":0.0,"max_hp_gain":0.0,"max_hp_loss":0.0,"gold_gain":0.0,"event_name":"The Woman in Blue","player_choice":"Bought 0 Potions","floor":4.0,"gold_loss":0.0,"damage_taken":0.0},{"cards_removed":["Strike_P"],"damage_healed":0.0,"max_hp_gain":0.0,"max_hp_loss":0.0,"gold_gain":0.0,"event_name":"The Cleric","player_choice":"Card Removal","floor":11.0,"gold_loss":50.0,"damage_taken":0.0},{"damage_healed":0.0,"max_hp_gain":0.0,"max_hp_loss":0.0,"gold_gain":0.0,"cards_transformed":["Strike_P"],"event_name":"Living Wall","player_choice":"Change","floor":14.0,"gold_loss":0.0,"damage_taken":0.0,"cards_obtained":["Swivel"]},{"damage_healed":0.0,"max_hp_gain":0.0,"max_hp_loss":0.0,"gold_gain":0.0,"event_name":"Masked Bandits","player_choice":"Fought Bandits","floor":19.0,"gold_loss":0.0,"damage_taken":0.0},{"damage_healed":0.0,"max_hp_gain":0.0,"max_hp_loss":0.0,"gold_gain":0.0,"event_name":"Addict","player_choice":"Stole Relic","floor":21.0,"gold_loss":0.0,"damage_taken":0.0,"relics_obtained":["White Beast Statue"],"cards_obtained":["Shame"]},{"damage_healed":0.0,"max_hp_gain":0.0,"max_hp_loss":0.0,"gold_gain":0.0,"event_name":"FaceTrader","player_choice":"Trade","floor":24.0,"gold_loss":0.0,"damage_taken":0.0,"relics_obtained":["SsserpentHead"]},{"damage_healed":0.0,"max_hp_gain":0.0,"max_hp_loss":0.0,"gold_gain":0.0,"event_name":"Forgotten Altar","player_choice":"Gave Idol","floor":31.0,"relics_lost":["Golden Idol"],"gold_loss":0.0,"damage_taken":0.0,"relics_obtained":["Bloody Idol"]},{"damage_healed":0.0,"max_hp_gain":0.0,"max_hp_loss":0.0,"gold_gain":0.0,"event_name":"MindBloom","player_choice":"Fight","floor":37.0,"gold_loss":0.0,"damage_taken":0.0},{"cards_removed":["Establishment"],"damage_healed":32.0,"max_hp_gain":10.0,"max_hp_loss":0.0,"gold_gain":0.0,"event_name":"Bonfire Elementals","player_choice":"Offered Rare","floor":45.0,"gold_loss":0.0,"damage_taken":0.0},{"damage_healed":0.0,"max_hp_gain":0.0,"max_hp_loss":0.0,"gold_gain":0.0,"event_name":"Upgrade Shrine","player_choice":"Upgraded","floor":48.0,"gold_loss":0.0,"damage_taken":0.0,"cards_upgraded":["ThirdEye"]}],"is_beta":false,"boss_relics":[{"not_picked":["Coffee Dripper","Ectoplasm"],"picked":"Fusion Hammer"},{"not_picked":["Black Star","Runic Dome"],"picked":"Calling Bell"}],"items_purged_floors":[10,20,36,38],"is_endless":false,"potions_floor_spawned":[1,7,18,22,23,28,29,33,35,37,39,41,44,46,47],"ascension_level":3}