{"gold_per_floor":[117,134,134,146,157,170,170,170,197,214,249,324,324,348,348,448,448,464,481,841,860,377,377,404,404,404,130,162,23,35,35,35,135,135,145,156,169,183,35,62,77,77,77,93,0,17,17,17,17,17,17,17,17,44,44],"floor_reached":55,"playtime":4575,"items_purged":["Strike_P","Defend_P","Strike_P","Strike_P+1"],"score":775,"play_id":"6f2f794d-8a56-44d7-b212-19775d40d919","local_time":"20211004150307","is_ascension_mode":true,"campfire_choices":[{"floor":7.0,"key":"RECALL"},{"data":"LessonLearned","floor":13.0,"key":"SMITH"},{"floor":15.0,"key":"REST"},{"floor":23.0,"key":"REST"},{"floor":25,"key":"REST"},{"floor":32,"key":"REST"},{"floor":47,"key":"REST"},{"data":"Ragnarok","floor":49,"key":"SMITH"},{"data":"Devotion","floor":52,"key":"SMITH"}],"neow_cost":"NONE","seed_source_timestamp":28503635569849,"circlet_count":0,"master_deck":["Defend_P+1","Defend_P+1","Eruption","Vigilance+1","Vengeance+1","ClearTheMind+1","LessonLearned+1","Perseverance+1","FearNoEvil+1","ReachHeaven+1","EmptyBody+1","ForeignInfluence+1","Devotion+1","BattleHymn+1","LikeWater+1","Consecrate","Ragnarok+1","Ragnarok+1","Establishment+1","Crescendo+1","Writhe","Perseverance+1"],"special_seed":0,"relics":["PureWater","Sundial","Darkstone Periapt","Odd Mushroom","Snecko Eye","Membership Card","Mango","Pen Nib","Gremlin Horn","FossilizedHelix","Sling","Damaru","Orichalcum","Bag of Preparation","SlaversCollar","Ancient Tea Set","Nunchaku","Bag of Marbles","Red Mask","Anchor"],"potions_floor_usage":[24,28,36,36,55,55,55],"damage_taken":[{"damage":5.0,"enemies":"Small Slimes","floor":1.0,"turns":3.0},{"damage":4.0,"enemies":"Jaw Worm","floor":2.0,"turns":4.0},{"damage":0.0,"enemies":"Cultist","floor":4.0,"turns":2.0},{"damage":0.0,"enemies":"2 Fungi Beasts","floor":5.0,"turns":2.0},{"damage":2.0,"enemies":"3 Louse","floor":6.0,"turns":2.0},{"damage":0.0,"enemies":"Exordium Thugs","floor":10.0,"turns":3.0},{"damage":3.0,"enemies":"Lagavulin","floor":11.0,"turns":5.0},{"damage":13.0,"enemies":"The Mushroom Lair","floor":14.0,"turns":3.0},{"damage":40.0,"enemies":"Hexaghost","floor":16.0,"turns":7.0},{"damage":17.0,"enemies":"Spheric Guardian","floor":18.0,"turns":4.0},{"damage":0.0,"enemies":"Chosen","floor":19.0,"turns":3.0},{"damage":12.0,"enemies":"Centurion and Healer","floor":21.0,"turns":4.0},{"damage":13,"enemies":"Book of Stabbing","floor":24,"turns":4},{"damage":0,"enemies":"Gremlin Leader","floor":28,"turns":2},{"damage":11,"enemies":"Chosen and Byrds","floor":30,"turns":6},{"damage":1,"enemies":"Champ","floor":33,"turns":7},{"damage":31,"enemies":"3 Darklings","floor":35,"turns":5},{"damage":4,"enemies":"3 Shapes","floor":36,"turns":2},{"damage":0,"enemies":"3 Darklings","floor":37,"turns":2},{"damage":0,"enemies":"Spire Growth","floor":38,"turns":3},{"damage":13,"enemies":"Giant Head","floor":40,"turns":4},{"damage":5,"enemies":"Sphere and 2 Shapes","floor":41,"turns":3},{"damage":0,"enemies":"Transient","floor":44,"turns":5},{"damage":48,"enemies":"Writhing Mass","floor":46,"turns":5},{"damage":28,"enemies":"Time Eater","floor":50,"turns":10},{"damage":30,"enemies":"Shield and Spear","floor":54,"turns":4},{"damage":56,"enemies":"The Heart","floor":55,"turns":5}],"seed_played":"-4865674210879186651","potions_obtained":[{"floor":2.0,"key":"StancePotion"},{"floor":4.0,"key":"LiquidMemories"},{"floor":10.0,"key":"Fire Potion"},{"floor":11.0,"key":"SneckoOil"},{"floor":16.0,"key":"Dexterity Potion"},{"floor":18.0,"key":"Explosive Potion"},{"floor":19.0,"key":"Energy Potion"},{"floor":33,"key":"SpeedPotion"},{"floor":36,"key":"Fruit Juice"},{"floor":40,"key":"SkillPotion"},{"floor":41,"key":"Strength Potion"},{"floor":54,"key":"Ancient Potion"}],"is_trial":false,"path_per_floor":["M","M","?","M","M","M","R","T","T","M","E","?","R","?","R","B",null,"M","M","?","M","$","R","E","R","T","$","E","$","M","?","R","B",null,"M","M","M","M","$","E","M","?","T","M","?","M","R","?","R","B",null,"R","$","E","B"],"character_chosen":"WATCHER","items_purchased":["Membership Card","Consecrate","Mango","Pen Nib","CultistPotion","Sling","Damaru","Orichalcum","Ragnarok","Ancient Tea Set"],"campfire_rested":5,"item_purchase_floors":[22,22,22,22,22,27,27,27,29,39],"current_hp_per_floor":[67,63,63,63,63,61,61,61,61,61,58,47,47,34,55,15,72,55,55,19,7,21,46,33,58,58,58,58,58,47,47,72,71,86,55,56,56,56,56,43,38,80,80,80,80,32,56,82,82,54,86,86,86,56,0],"gold":44,"neow_bonus":"TRANSFORM_CARD","is_prod":false,"is_daily":false,"chose_seed":false,"campfire_upgraded":3,"win_rate":0,"timestamp":1633330987,"path_taken":["M","M","?","M","M","M","R","?","T","?","E","?","R","?","R","BOSS","M","M","?","M","$","R","E","R","T","?","E","$","M","?","R","BOSS","M","?","M","M","$","E","M","?","T","M","?","M","R","?","R","BOSS","R","$","E","BOSS"],"build_version":"2020-01-27","purchased_purges":4,"victory":false,"max_hp_per_floor":[72,72,72,72,72,72,72,72,72,72,72,72,72,72,72,72,72,72,72,72,72,86,86,86,86,86,86,86,86,86,86,86,86,86,86,91,91,91,91,91,91,80,80,80,80,80,80,86,86,86,86,86,86,86,86],"card_choices":[{"not_picked":["SashWhip","MentalFortress"],"picked":"ClearTheMind","floor":1.0},{"not_picked":["ThirdEye","DeceiveReality"],"picked":"LessonLearned","floor":2.0},{"not_picked":["JustLucky","SashWhip"],"picked":"Perseverance","floor":4.0},{"not_picked":["Collect","Weave"],"picked":"FearNoEvil","floor":5.0},{"not_picked":["CarveReality","DeceiveReality"],"picked":"ReachHeaven","floor":6.0},{"not_picked":["CrushJoints","WheelKick"],"picked":"EmptyBody","floor":10.0},{"not_picked":["EmptyMind","ReachHeaven","JustLucky"],"picked":"SKIP","floor":11.0},{"not_picked":["Crescendo","Wallop"],"picked":"ForeignInfluence","floor":14.0},{"not_picked":["Ragnarok","Judgement"],"picked":"Devotion","floor":16.0},{"not_picked":["FlurryOfBlows","Protect"],"picked":"BattleHymn+1","floor":18.0},{"not_picked":["Prostrate","Halt","Evaluate+1"],"picked":"SKIP","floor":19.0},{"not_picked":["WaveOfTheHand","Adaptation"],"picked":"LikeWater","floor":21.0},{"not_picked":["CutThroughFate","Weave","Evaluate+1"],"picked":"SKIP","floor":24},{"not_picked":["Evaluate","BattleHymn","Nirvana"],"picked":"SKIP","floor":28},{"not_picked":["JustLucky+1","Fasting2","Conclude+1"],"picked":"SKIP","floor":30},{"not_picked":["Omniscience","MasterReality"],"picked":"Establishment","floor":33},{"not_picked":["FlyingSleeves+1","Sanctity+1","Weave"],"picked":"SKIP","floor":35},{"not_picked":["SashWhip","Consecrate","Vengeance"],"picked":"SKIP","floor":36},{"not_picked":["ClearTheMind","JustLucky+1"],"picked":"Crescendo+1","floor":37},{"not_picked":["BowlingBash+1","DeceiveReality","ClearTheMind"],"picked":"SKIP","floor":38},{"not_picked":["BattleHymn+1","InnerPeace+1","Conclude+1"],"picked":"SKIP","floor":40},{"not_picked":["Crescendo","CutThroughFate+1","JustLucky"],"picked":"SKIP","floor":41},{"not_picked":["ConjureBlade","Halt+1","SashWhip+1"],"picked":"SKIP","floor":44},{"not_picked":["Halt","Crescendo+1","Adaptation"],"picked":"SKIP","floor":46},{"not_picked":["FollowUp+1","WheelKick+1"],"picked":"Perseverance+1","floor":54}],"player_experience":62134,"relics_obtained":[{"floor":8.0,"key":"Sundial"},{"floor":11.0,"key":"Darkstone Periapt"},{"floor":14.0,"key":"Odd Mushroom"},{"floor":24,"key":"Gremlin Horn"},{"floor":26,"key":"FossilizedHelix"},{"floor":28,"key":"Bag of Preparation"},{"floor":40,"key":"Nunchaku"},{"floor":43,"key":"Bag of Marbles"},{"floor":54,"key":"Anchor"}],"event_choices":[{"cards_removed":["Defend_P"],"damage_healed":0.0,"max_hp_gain":0.0,"max_hp_loss":0.0,"gold_gain":0.0,"event_name":"Living Wall","player_choice":"Forget","floor":3.0,"gold_loss":0.0,"damage_taken":0.0},{"damage_healed":0.0,"max_hp_gain":0.0,"max_hp_loss":0.0,"gold_gain":75.0,"event_name":"World of Goop","player_choice":"Gather Gold","floor":12.0,"gold_loss":0.0,"damage_taken":11.0},{"damage_healed":0.0,"max_hp_gain":0.0,"max_hp_loss":0.0,"gold_gain":0.0,"event_name":"Mushrooms","player_choice":"Fought Mushrooms","floor":14.0,"gold_loss":0.0,"damage_taken":0.0},{"damage_healed":0.0,"max_hp_gain":0.0,"max_hp_loss":0.0,"gold_gain":360.0,"event_name":"Knowing Skull","player_choice":"GOLD GOLD GOLD GOLD ","floor":20.0,"potions_obtained":[],"gold_loss":0.0,"damage_taken":36.0,"cards_obtained":[]},{"damage_healed":0,"gold_gain":0,"player_choice":"Copied","damage_taken":0,"max_hp_gain":0,"max_hp_loss":0,"event_name":"Duplicator","floor":31,"gold_loss":0,"cards_obtained":["Ragnarok"]},{"damage_healed":80,"gold_gain":0,"player_choice":"Heal","damage_taken":0,"max_hp_gain":0,"max_hp_loss":11,"event_name":"The Moai Head","floor":42,"gold_loss":0},{"damage_healed":0,"gold_gain":0,"player_choice":"Paid","damage_taken":0,"relics_obtained":["Red Mask"],"max_hp_gain":0,"max_hp_loss":0,"event_name":"Tomb of Lord Red Mask","floor":45,"gold_loss":93},{"damage_healed":20,"gold_gain":0,"player_choice":"Writhe","damage_taken":0,"max_hp_gain":0,"max_hp_loss":0,"event_name":"Winding Halls","floor":48,"gold_loss":0,"cards_obtained":["Writhe"]}],"is_beta":false,"boss_relics":[{"not_picked":["Fusion Hammer","Black Star"],"picked":"Snecko Eye"},{"not_picked":["Empty Cage","Astrolabe"],"picked":"SlaversCollar"}],"items_purged_floors":[22,27,29,39],"is_endless":false,"potions_floor_spawned":[2,4,10,11,16,18,19,33,36,40,41,54],"killed_by":"The Heart","ascension_level":1}