{"gold_per_floor":[116,116,66,14,29,57,72,72,72,97,97,97,97,117,117,220,270,252,53,53,72,89,89,89,103,103,115,129,29,29,45,45,147,147,165,165,165,183,193,193,193],"floor_reached":41,"playtime":4500,"items_purged":["Strike_P","Defend_P"],"score":453,"play_id":"af8d2133-f74c-4c5c-8027-987a7737e69e","local_time":"20211001112345","is_ascension_mode":false,"campfire_choices":[{"data":"Strike_P","floor":8.0,"key":"PURGE"},{"data":"1","floor":12.0,"key":"LIFT"},{"data":"Establishment","floor":15.0,"key":"SMITH"},{"data":"Shame","floor":23.0,"key":"PURGE"},{"floor":32.0,"key":"REST"},{"data":"2","floor":40,"key":"LIFT"}],"neow_cost":"NONE","seed_source_timestamp":28539856767370,"circlet_count":0,"master_deck":["Defend_P+1","Eruption","Vigilance","FearNoEvil","FlyingSleeves","Sanctity","Establishment+1","Study","Sanctity","EmptyBody","Crescendo","Judgement","Adaptation","ReachHeaven","Consecrate","DeceiveReality","DevaForm","FlyingSleeves+1","Bite","Bite","Bite","Bite","Bite","Indignation+1","Ragnarok","Scrawl","Swivel+1"],"special_seed":0,"relics":["PureWater","NeowsBlessing","Peace Pipe","Prayer Wheel","Girya","Tiny House","Pen Nib","Ornamental Fan","Runic Pyramid","Toxic Egg 2"],"potions_floor_usage":[],"damage_taken":[{"damage":0.0,"enemies":"2 Louse","floor":1.0,"turns":1.0},{"damage":0.0,"enemies":"Small Slimes","floor":5.0,"turns":1.0},{"damage":0.0,"enemies":"3 Sentries","floor":6.0,"turns":2.0},{"damage":1.0,"enemies":"Cultist","floor":7.0,"turns":5.0},{"damage":15.0,"enemies":"Lagavulin","floor":10.0,"turns":7.0},{"damage":0.0,"enemies":"Large Slime","floor":14.0,"turns":3.0},{"damage":46.0,"enemies":"The Guardian","floor":16.0,"turns":9.0},{"damage":20.0,"enemies":"2 Thieves","floor":18.0,"turns":5.0},{"damage":17.0,"enemies":"Chosen","floor":21.0,"turns":5.0},{"damage":14.0,"enemies":"Shelled Parasite and Fungi","floor":22.0,"turns":3.0},{"damage":6.0,"enemies":"Cultist and Chosen","floor":25.0,"turns":5.0},{"damage":15.0,"enemies":"Snecko","floor":27.0,"turns":5.0},{"damage":1.0,"enemies":"3 Cultists","floor":28.0,"turns":4.0},{"damage":18.0,"enemies":"Cultist and Chosen","floor":31.0,"turns":6.0},{"damage":27.0,"enemies":"Collector","floor":33.0,"turns":9.0},{"damage":2.0,"enemies":"Orb Walker","floor":35.0,"turns":3.0},{"damage":56,"enemies":"3 Darklings","floor":38,"turns":7},{"damage":25,"enemies":"Jaw Worm Horde","floor":39,"turns":5},{"damage":16,"enemies":"Spire Growth","floor":41,"turns":1}],"seed_played":"-2171840992047832366","potions_obtained":[{"floor":5.0,"key":"LiquidMemories"},{"floor":7.0,"key":"LiquidBronze"},{"floor":14.0,"key":"PowerPotion"},{"floor":17.0,"key":"FairyPotion"},{"floor":21.0,"key":"PowerPotion"},{"floor":22.0,"key":"Fire Potion"},{"floor":28.0,"key":"SkillPotion"}],"is_trial":false,"path_per_floor":["M","?","?","$","M","E","M","R","T","E","?","R","?","M","R","B",null,"M","$","?","M","M","R","?","M","T","M","M","$","$","M","R","B",null,"M","?","T","M","M","R","M"],"character_chosen":"WATCHER","items_purchased":["FlyingSleeves","Consecrate","DeceiveReality"],"campfire_rested":1,"item_purchase_floors":[4,19,19],"current_hp_per_floor":[72,65,65,65,65,65,64,64,64,49,49,49,49,49,49,3,77,57,57,57,40,26,26,26,24,24,17,24,24,24,20,35,28,53,53,53,53,7,10,10,0],"gold":193,"neow_bonus":"THREE_ENEMY_KILL","is_prod":false,"is_daily":false,"chose_seed":false,"campfire_upgraded":1,"win_rate":0.0,"timestamp":1633058625,"path_taken":["M","?","?","$","M","E","M","R","T","E","?","R","?","M","R","BOSS","M","$","?","M","M","R","?","M","T","M","M","?","$","M","R","BOSS","M","?","?","M","M","R","M"],"build_version":"2020-01-27","purchased_purges":2,"victory":false,"max_hp_per_floor":[72,72,72,72,72,72,72,72,72,72,72,72,72,72,72,72,77,77,77,77,77,77,77,53,53,53,53,53,53,53,53,53,53,53,53,53,53,53,53,53,53],"card_choices":[{"not_picked":["Halt","ClearTheMind"],"picked":"FearNoEvil","floor":1.0},{"not_picked":["Collect","FlyingSleeves"],"picked":"Sanctity","floor":5.0},{"not_picked":["Study","JustLucky"],"picked":"Establishment","floor":6.0},{"not_picked":["BattleHymn","EmptyBody"],"picked":"Study","floor":7.0},{"not_picked":["FearNoEvil","CarveReality","ClearTheMind"],"picked":"SKIP","floor":10.0},{"not_picked":["CutThroughFate","ClearTheMind"],"picked":"EmptyBody","floor":14.0},{"not_picked":["PathToVictory","Wallop"],"picked":"Crescendo","floor":14.0},{"not_picked":["Omniscience","LessonLearned"],"picked":"Judgement","floor":16.0},{"not_picked":["BowlingBash","EmptyBody"],"picked":"Adaptation","floor":17.0},{"not_picked":["JustLucky+1","CrushJoints"],"picked":"ReachHeaven","floor":18.0},{"not_picked":["Crescendo","Protect","BowlingBash"],"picked":"SKIP","floor":18.0},{"not_picked":["ClearTheMind","BowlingBash+1"],"picked":"DevaForm","floor":21.0},{"not_picked":["CrushJoints+1","CutThroughFate+1","Swivel"],"picked":"SKIP","floor":21.0},{"not_picked":["EmptyFist","Consecrate"],"picked":"FlyingSleeves+1","floor":22.0},{"not_picked":["Study","Adaptation","FlurryOfBlows+1"],"picked":"SKIP","floor":22.0},{"not_picked":["SashWhip","Nirvana","Fasting2+1"],"picked":"SKIP","floor":25.0},{"not_picked":["WreathOfFlame","WaveOfTheHand+1","Consecrate"],"picked":"SKIP","floor":25.0},{"not_picked":["FollowUp","EmptyBody"],"picked":"Indignation+1","floor":27.0},{"not_picked":["BowlingBash","Consecrate","SashWhip"],"picked":"SKIP","floor":27.0},{"not_picked":["EmptyFist","CarveReality","CrushJoints"],"picked":"SKIP","floor":28.0},{"not_picked":["BowlingBash","FollowUp+1","Halt+1"],"picked":"SKIP","floor":28.0},{"not_picked":["FlyingSleeves","Indignation"],"picked":"Ragnarok","floor":31.0},{"not_picked":["Tantrum","SignatureMove+1","Weave+1"],"picked":"SKIP","floor":31.0},{"not_picked":["ConjureBlade","Vault"],"picked":"Scrawl","floor":33.0},{"not_picked":["Nirvana","Protect","JustLucky"],"picked":"SKIP","floor":35.0},{"not_picked":["Collect","WaveOfTheHand","FollowUp+1"],"picked":"SKIP","floor":35.0},{"not_picked":["CrushJoints+1","EmptyFist+1","Sanctity+1"],"picked":"SKIP","floor":38},{"not_picked":["Adaptation","PathToVictory+1","Halt+1"],"picked":"SKIP","floor":38},{"not_picked":["Wallop+1","Indignation+1"],"picked":"Swivel+1","floor":39},{"not_picked":["SashWhip","Protect+1","ThirdEye+1"],"picked":"SKIP","floor":39}],"player_experience":36828,"relics_obtained":[{"floor":6.0,"key":"Peace Pipe"},{"floor":9.0,"key":"Prayer Wheel"},{"floor":10.0,"key":"Girya"},{"floor":26.0,"key":"Ornamental Fan"},{"floor":37.0,"key":"Toxic Egg 2"}],"event_choices":[{"cards_removed":["Strike_P"],"damage_healed":0.0,"max_hp_gain":0.0,"max_hp_loss":0.0,"gold_gain":0.0,"event_name":"Golden Wing","player_choice":"Card Removal","floor":2.0,"gold_loss":0.0,"damage_taken":7.0},{"cards_removed":["Defend_P"],"damage_healed":0.0,"max_hp_gain":0.0,"max_hp_loss":0.0,"gold_gain":0.0,"event_name":"The Cleric","player_choice":"Card Removal","floor":3.0,"gold_loss":50.0,"damage_taken":0.0},{"damage_healed":0.0,"max_hp_gain":0.0,"max_hp_loss":0.0,"gold_gain":0.0,"event_name":"Dead Adventurer","player_choice":"Searched \u00271\u0027 times","floor":11.0,"gold_loss":0.0,"damage_taken":0.0},{"damage_healed":0.0,"max_hp_gain":0.0,"max_hp_loss":0.0,"gold_gain":0.0,"cards_transformed":["Defend_P"],"event_name":"Transmorgrifier","player_choice":"Transformed","floor":13.0,"gold_loss":0.0,"damage_taken":0.0,"cards_obtained":["Sanctity"]},{"damage_healed":0.0,"max_hp_gain":0.0,"max_hp_loss":0.0,"gold_gain":0.0,"event_name":"Addict","player_choice":"Stole Relic","floor":20.0,"gold_loss":0.0,"damage_taken":0.0,"relics_obtained":["Pen Nib"],"cards_obtained":["Shame"]},{"damage_healed":0.0,"max_hp_gain":0.0,"max_hp_loss":24.0,"gold_gain":0.0,"event_name":"Vampires","player_choice":"Became a vampire","floor":24.0,"gold_loss":0.0,"damage_taken":0.0,"cards_obtained":["Bite","Bite","Bite","Bite","Bite"]},{"damage_healed":0.0,"max_hp_gain":0.0,"max_hp_loss":0.0,"gold_gain":0.0,"event_name":"Tomb of Lord Red Mask","player_choice":"Ignored","floor":36.0,"gold_loss":0.0,"damage_taken":0.0}],"is_beta":false,"boss_relics":[{"not_picked":["SacredBark","Snecko Eye"],"picked":"Tiny House"},{"not_picked":["Astrolabe","HolyWater"],"picked":"Runic Pyramid"}],"items_purged_floors":[19,29],"is_endless":false,"potions_floor_spawned":[5,7,14,21,22,28],"killed_by":"Spire Growth","ascension_level":0}