{"gold_per_floor":[117,142,142,142,157,171,171,186,209,209,209],"floor_reached":11,"playtime":412,"items_purged":[],"score":72,"play_id":"90633dc5-3b6e-4a46-8fa8-9cf08d9c14b5","local_time":"20211007165358","is_ascension_mode":true,"campfire_choices":[{"floor":10,"key":"DIG"}],"neow_cost":"PERCENT_DAMAGE","seed_source_timestamp":137553589524873,"circlet_count":0,"master_deck":["Strike_P+1","Strike_P","Strike_P+1","Strike_P","Defend_P","Defend_P","Defend_P","Defend_P","Eruption","Vigilance","PathToVictory","Regret","TalkToTheHand","EmptyBody"],"relics":["PureWater","Shovel","Centennial Puzzle","Bag of Marbles","SsserpentHead","Pen Nib","Molten Egg 2"],"potions_floor_usage":[],"damage_taken":[{"damage":1,"enemies":"Cultist","floor":1,"turns":4},{"damage":0,"enemies":"Jaw Worm","floor":5,"turns":1},{"damage":7,"enemies":"Small Slimes","floor":6,"turns":4},{"damage":9,"enemies":"Looter","floor":8,"turns":3},{"damage":20,"enemies":"Gremlin Gang","floor":11,"turns":2}],"seed_played":"-2873737145366202743","potions_obtained":[{"floor":1,"key":"SkillPotion"},{"floor":8,"key":"DuplicationPotion"}],"is_trial":false,"path_per_floor":["M","T","?","?","M","M","?","M","T","R","M"],"character_chosen":"WATCHER","items_purchased":[],"campfire_rested":0,"item_purchase_floors":[],"current_hp_per_floor":[50,50,50,36,36,29,29,20,20,20,0],"gold":209,"neow_bonus":"ONE_RARE_RELIC","is_prod":false,"is_daily":false,"chose_seed":false,"campfire_upgraded":0,"win_rate":0,"timestamp":1633596838,"path_taken":["M","?","?","?","M","M","?","M","T","R","M"],"build_version":"2020-01-27","purchased_purges":0,"victory":false,"max_hp_per_floor":[72,72,72,72,72,72,72,72,72,72,72],"card_choices":[{"not_picked":["Wireheading","Nirvana"],"picked":"PathToVictory","floor":1},{"not_picked":["Crescendo","Halt","Collect"],"picked":"SKIP","floor":5},{"not_picked":["SashWhip","EmptyFist"],"picked":"TalkToTheHand","floor":6},{"not_picked":["BowlingBash","CutThroughFate"],"picked":"EmptyBody","floor":8}],"player_experience":115542,"relics_obtained":[{"floor":2,"key":"Centennial Puzzle"},{"floor":9,"key":"Pen Nib"},{"floor":10,"key":"Molten Egg 2"}],"event_choices":[{"damage_healed":0,"gold_gain":0,"player_choice":"Box","damage_taken":0,"relics_obtained":["Bag of Marbles"],"max_hp_gain":0,"max_hp_loss":0,"event_name":"Big Fish","floor":3,"gold_loss":0,"cards_obtained":["Regret"]},{"damage_healed":0,"gold_gain":0,"player_choice":"Entered Light","damage_taken":14,"max_hp_gain":0,"max_hp_loss":0,"event_name":"Shining Light","floor":4,"gold_loss":0,"cards_upgraded":["Strike_P","Strike_P"]},{"damage_healed":0,"gold_gain":0,"player_choice":"Trade","damage_taken":0,"relics_obtained":["SsserpentHead"],"max_hp_gain":0,"max_hp_loss":0,"event_name":"FaceTrader","floor":7,"gold_loss":0}],"is_beta":false,"boss_relics":[],"items_purged_floors":[],"is_endless":false,"potions_floor_spawned":[1,8],"killed_by":"Gremlin Gang","ascension_level":3}