{"gold_per_floor":[111,127,127,52,67,93,107,141,141,41,41,52,82,82,82,180,180,194,194,209,62,62,121,121,121,121,121,132,149,149,249,249,347,347,391,402,137,154,170,170,197,197,197,230,230,248,281,281,281,281],"floor_reached":51,"playtime":3982,"items_purged":["Defend_P","Defend_P","WindmillStrike"],"score":1043,"play_id":"0e2d1088-d467-446e-8c4e-461231590028","local_time":"20211007221349","is_ascension_mode":true,"campfire_choices":[{"floor":11.0,"key":"REST"},{"data":"Wish","floor":15.0,"key":"SMITH"},{"data":"ThirdEye","floor":25.0,"key":"SMITH"},{"data":"PathToVictory","floor":27.0,"key":"SMITH"},{"data":"Perseverance","floor":30.0,"key":"SMITH"},{"data":"Eruption","floor":32.0,"key":"SMITH"},{"data":"Vault","floor":40.0,"key":"SMITH"},{"data":"CutThroughFate","floor":42.0,"key":"SMITH"},{"data":"EmptyBody","floor":45.0,"key":"SMITH"},{"data":"EmptyMind","floor":49.0,"key":"SMITH"}],"neow_cost":"NONE","seed_source_timestamp":152647957152227,"circlet_count":0,"master_deck":["Vigilance+1","SandsOfTime","Perseverance+1","PathToVictory+1","DeusExMachina+1","EmptyBody+1","ThirdEye+1","Wish+1","EmptyFist","DevaForm","PathToVictory+1","CutThroughFate+1","Vault+1","PathToVictory","Alpha","PathToVictory","InnerPeace+1","EmptyMind+1"],"special_seed":0,"relics":["PureWater","Dream Catcher","War Paint","Question Card","Lizard Tail","Empty Cage","Lee\u0027s Waffle","Eternal Feather","Blood Vial","Philosopher\u0027s Stone","Mummified Hand","TungstenRod","Bag of Preparation","Bronze Scales"],"potions_floor_usage":[50],"damage_taken":[{"damage":2.0,"enemies":"Jaw Worm","floor":1.0,"turns":3.0},{"damage":0.0,"enemies":"Cultist","floor":2.0,"turns":2.0},{"damage":0.0,"enemies":"2 Louse","floor":5.0,"turns":2.0},{"damage":6.0,"enemies":"Lagavulin","floor":6.0,"turns":4.0},{"damage":2.0,"enemies":"2 Fungi Beasts","floor":7.0,"turns":3.0},{"damage":31.0,"enemies":"Gremlin Nob","floor":8.0,"turns":5.0},{"damage":1.0,"enemies":"Blue Slaver","floor":12.0,"turns":3.0},{"damage":0.0,"enemies":"3 Sentries","floor":13.0,"turns":8.0},{"damage":0.0,"enemies":"Slime Boss","floor":16.0,"turns":3.0},{"damage":18.0,"enemies":"3 Byrds","floor":18.0,"turns":4.0},{"damage":24.0,"enemies":"2 Thieves","floor":20.0,"turns":5.0},{"damage":23.0,"enemies":"Slavers","floor":23.0,"turns":6.0},{"damage":2.0,"enemies":"Centurion and Healer","floor":28.0,"turns":3.0},{"damage":9.0,"enemies":"Shelled Parasite and Fungi","floor":29.0,"turns":4.0},{"damage":6.0,"enemies":"Champ","floor":33.0,"turns":7.0},{"damage":14.0,"enemies":"3 Darklings","floor":35.0,"turns":5.0},{"damage":0.0,"enemies":"Orb Walker","floor":36.0,"turns":4.0},{"damage":0.0,"enemies":"Maw","floor":38.0,"turns":5.0},{"damage":0.0,"enemies":"Transient","floor":39.0,"turns":6.0},{"damage":14.0,"enemies":"Giant Head","floor":41.0,"turns":5.0},{"damage":24.0,"enemies":"Reptomancer","floor":44.0,"turns":5.0},{"damage":13.0,"enemies":"Jaw Worm Horde","floor":46.0,"turns":3.0},{"damage":0.0,"enemies":"Giant Head","floor":47.0,"turns":6.0},{"damage":27,"enemies":"Awakened One","floor":50,"turns":7}],"seed_played":"895443037865124324","potions_obtained":[{"floor":5.0,"key":"ColorlessPotion"},{"floor":6.0,"key":"Fire Potion"},{"floor":7.0,"key":"Fire Potion"},{"floor":16.0,"key":"ColorlessPotion"},{"floor":18.0,"key":"SpeedPotion"},{"floor":24.0,"key":"SneckoOil"},{"floor":24.0,"key":"ColorlessPotion"},{"floor":29.0,"key":"BottledMiracle"},{"floor":39.0,"key":"Fire Potion"},{"floor":46.0,"key":"SpeedPotion"}],"is_trial":false,"path_per_floor":["M","M","?","$","M","E","M","E","T","$","R","M","E","?","R","B",null,"M","?","M","$","?","E","?","R","T","R","M","M","R","?","R","B",null,"M","M","$","M","M","R","E","R","T","E","R","M","E","?","R","B",null],"character_chosen":"WATCHER","items_purchased":["Lee\u0027s Waffle","Alpha"],"campfire_rested":1,"item_purchase_floors":[21,37],"current_hp_per_floor":[70,70,70,70,70,64,62,31,31,31,52,51,51,44,44,44,72,54,54,30,79,79,56,56,62,62,68,68,61,67,67,73,69,79,65,67,67,69,71,79,65,74,74,52,61,50,52,52,61,36],"gold":281,"neow_bonus":"TRANSFORM_CARD","is_prod":false,"is_daily":false,"chose_seed":false,"campfire_upgraded":9,"win_rate":0,"timestamp":1633616029,"path_taken":["M","M","?","$","M","E","M","E","T","$","R","?","E","?","R","BOSS","M","?","M","$","?","E","?","R","T","R","?","?","R","?","R","BOSS","M","M","$","M","M","R","E","R","T","E","R","?","E","?","R","BOSS"],"build_version":"2020-01-27","purchased_purges":3,"victory":true,"max_hp_per_floor":[72,72,72,72,72,72,72,72,72,72,72,72,72,72,72,72,72,72,72,72,79,79,79,79,79,79,79,79,79,79,79,79,79,79,79,79,79,79,79,79,79,79,79,79,79,79,79,79,79,79],"card_choices":[{"not_picked":["BowlingBash","Tantrum"],"picked":"WindmillStrike","floor":1.0},{"not_picked":["Consecrate","Prostrate"],"picked":"Perseverance","floor":2.0},{"not_picked":["EmptyFist","Weave"],"picked":"PathToVictory","floor":5.0},{"not_picked":["CrushJoints","Study"],"picked":"DeusExMachina","floor":6.0},{"not_picked":["CutThroughFate","SignatureMove"],"picked":"EmptyBody","floor":7.0},{"not_picked":["Wireheading","Crescendo","Tantrum"],"picked":"SKIP","floor":8.0},{"not_picked":["CarveReality","Halt","Crescendo"],"picked":"ThirdEye","floor":11.0},{"not_picked":["MentalFortress","FollowUp","ClearTheMind"],"picked":"Wish","floor":12.0},{"not_picked":["BowlingBash","ThirdEye","CrushJoints"],"picked":"EmptyFist","floor":13.0},{"not_picked":["Wish","SpiritShield","Alpha"],"picked":"DevaForm","floor":16.0},{"not_picked":["Halt","Weave","Perseverance"],"picked":"PathToVictory+1","floor":18.0},{"not_picked":["CarveReality","Protect+1","FollowUp","CrushJoints"],"picked":"SKIP","floor":20.0},{"not_picked":["BattleHymn+1","SignatureMove","Conclude","Perseverance"],"picked":"SKIP","floor":23.0},{"not_picked":["Protect+1","MentalFortress","Conclude+1","EmptyBody"],"picked":"SKIP","floor":28.0},{"not_picked":["Blasphemy","BowlingBash","SashWhip+1","Consecrate"],"picked":"SKIP","floor":29.0},{"not_picked":["Ragnarok","LessonLearned","Scrawl"],"picked":"Vault","floor":33.0},{"not_picked":["EmptyBody","Vengeance","Halt","Wireheading"],"picked":"SKIP","floor":35.0},{"not_picked":["WreathOfFlame+1","WindmillStrike+1","BattleHymn"],"picked":"PathToVictory","floor":36.0},{"not_picked":["FlyingSleeves+1","Evaluate+1","Perseverance+1"],"picked":"PathToVictory","floor":38.0},{"not_picked":["Evaluate+1","Alpha","EmptyBody+1"],"picked":"InnerPeace+1","floor":39.0},{"not_picked":["FearNoEvil+1","Sanctity","TalkToTheHand+1","Worship"],"picked":"SKIP","floor":41.0},{"not_picked":["FollowUp","Fasting2+1","FlyingSleeves","DevaForm"],"picked":"SKIP","floor":44.0},{"not_picked":["Prostrate+1","WheelKick","Evaluate"],"picked":"EmptyMind","floor":46.0},{"not_picked":["JustLucky","WaveOfTheHand","Swivel","Meditate"],"picked":"SKIP","floor":47.0}],"player_experience":119013,"relics_obtained":[{"floor":6.0,"key":"Dream Catcher"},{"floor":8.0,"key":"War Paint"},{"floor":9.0,"key":"Question Card"},{"floor":13.0,"key":"Lizard Tail"},{"floor":23.0,"key":"Eternal Feather"},{"floor":26.0,"key":"Blood Vial"},{"floor":41.0,"key":"Mummified Hand"},{"floor":43.0,"key":"TungstenRod"},{"floor":44.0,"key":"Bag of Preparation"},{"floor":47.0,"key":"Bronze Scales"}],"event_choices":[{"damage_healed":0.0,"max_hp_gain":0.0,"max_hp_loss":0.0,"gold_gain":0.0,"cards_transformed":["Strike_P"],"event_name":"Transmorgrifier","player_choice":"Transformed","floor":3.0,"gold_loss":0.0,"damage_taken":0.0,"cards_obtained":["Consecrate"]},{"cards_removed":["Strike_P"],"damage_healed":0.0,"max_hp_gain":0.0,"max_hp_loss":0.0,"gold_gain":0.0,"event_name":"Golden Wing","player_choice":"Card Removal","floor":14.0,"gold_loss":0.0,"damage_taken":7.0},{"damage_healed":0.0,"max_hp_gain":0.0,"max_hp_loss":0.0,"gold_gain":0.0,"cards_transformed":["Defend_P","Consecrate"],"event_name":"Drug Dealer","player_choice":"Became Test Subject","floor":19.0,"gold_loss":0.0,"damage_taken":0.0,"cards_obtained":["ForeignInfluence","CutThroughFate"]},{"cards_removed":["ForeignInfluence"],"damage_healed":0.0,"max_hp_gain":0.0,"max_hp_loss":0.0,"gold_gain":0.0,"event_name":"Back to Basics","player_choice":"Elegance","floor":22.0,"gold_loss":0.0,"damage_taken":0.0},{"damage_healed":0.0,"max_hp_gain":0.0,"max_hp_loss":0.0,"gold_gain":0.0,"event_name":"Lab","player_choice":"Got Potions","floor":24.0,"gold_loss":0.0,"damage_taken":0.0},{"damage_healed":0.0,"max_hp_gain":0.0,"max_hp_loss":0.0,"gold_gain":100.0,"event_name":"Golden Shrine","player_choice":"Pray","floor":31.0,"gold_loss":0.0,"damage_taken":0.0},{"cards_removed":["Eruption"],"damage_healed":0.0,"max_hp_gain":0.0,"max_hp_loss":0.0,"gold_gain":0.0,"event_name":"Falling","player_choice":"Removed Attack","floor":48.0,"gold_loss":0.0,"damage_taken":0.0}],"is_beta":false,"boss_relics":[{"not_picked":["SlaversCollar","Coffee Dripper"],"picked":"Empty Cage"},{"not_picked":["Pandora\u0027s Box","Busted Crown"],"picked":"Philosopher\u0027s Stone"}],"items_purged_floors":[4,10,37],"is_endless":false,"potions_floor_spawned":[5,6,7,16,18,29,39,46],"ascension_level":4}