{"gold_per_floor":[116,116,116,129,149,174,5,5,5,31,43,43,59,76,76,171,171,190,208,224,29,43,68,43,74,74,144,194,244,274,290,290,388,388,400,461,511,526,622,651,651,691,691,707,781,801,13,25,25,25],"floor_reached":51,"playtime":4489,"items_purged":["Strike_P","Defend_P"],"score":983,"play_id":"71370284-97c4-4470-8c7f-5ca6c7fc4ef7","local_time":"20211007142434","is_ascension_mode":true,"campfire_choices":[{"data":"Apotheosis","floor":8.0,"key":"SMITH"},{"data":"LikeWater","floor":15.0,"key":"SMITH"},{"data":"ThirdEye","floor":32.0,"key":"SMITH"},{"data":"Wish","floor":41.0,"key":"SMITH"},{"floor":49.0,"key":"REST"}],"neow_cost":"NONE","seed_source_timestamp":123789708437623,"circlet_count":0,"master_deck":["Defend_P","Defend_P","Defend_P","Eruption","Vigilance+1","PathToVictory","LikeWater+1","ThirdEye+1","FearNoEvil+1","SandsOfTime+1","ReachHeaven+1","Apotheosis+1","PathToVictory","PathToVictory+1","Vault","EmptyBody","MasterReality","Wish","WreathOfFlame+1","Worship+1","EmptyMind+1","Wish+1","LikeWater","PathToVictory","Alpha","Forethought"],"special_seed":0,"relics":["PureWater","Bronze Scales","Molten Egg 2","Strawberry","Potion Belt","HornCleat","SsserpentHead","Black Star","Bottled Lightning","Sundial","Oddly Smooth Stone","Eternal Feather","Darkstone Periapt","Question Card","War Paint","Pear","Art of War","Astrolabe","Ginger","Toy Ornithopter","Smiling Mask","Happy Flower","TungstenRod","Ancient Tea Set","HandDrill"],"potions_floor_usage":[50,50,50,50,50,50,50],"damage_taken":[{"damage":3.0,"enemies":"2 Louse","floor":1.0,"turns":2.0},{"damage":1.0,"enemies":"Cultist","floor":4.0,"turns":5.0},{"damage":0.0,"enemies":"Small Slimes","floor":5.0,"turns":2.0},{"damage":12.0,"enemies":"Gremlin Nob","floor":6.0,"turns":4.0},{"damage":9.0,"enemies":"3 Sentries","floor":10.0,"turns":4.0},{"damage":0.0,"enemies":"Red Slaver","floor":11.0,"turns":3.0},{"damage":1.0,"enemies":"Exordium Thugs","floor":13.0,"turns":3.0},{"damage":6.0,"enemies":"Lots of Slimes","floor":14.0,"turns":2.0},{"damage":0.0,"enemies":"Slime Boss","floor":16.0,"turns":4.0},{"damage":4.0,"enemies":"Shell Parasite","floor":18.0,"turns":4.0},{"damage":0.0,"enemies":"Chosen","floor":19.0,"turns":4.0},{"damage":1.0,"enemies":"3 Cultists","floor":20.0,"turns":5.0},{"damage":15.0,"enemies":"Centurion and Healer","floor":22.0,"turns":4.0},{"damage":13.0,"enemies":"Slavers","floor":23.0,"turns":6.0},{"damage":0.0,"enemies":"Book of Stabbing","floor":25.0,"turns":5.0},{"damage":0.0,"enemies":"Snecko","floor":27.0,"turns":3.0},{"damage":13.0,"enemies":"Gremlin Leader","floor":30.0,"turns":5.0},{"damage":1.0,"enemies":"Cultist and Chosen","floor":31.0,"turns":5.0},{"damage":36.0,"enemies":"Champ","floor":33.0,"turns":8.0},{"damage":2.0,"enemies":"Orb Walker","floor":35.0,"turns":4.0},{"damage":3.0,"enemies":"3 Shapes","floor":36.0,"turns":5.0},{"damage":12.0,"enemies":"Sphere and 2 Shapes","floor":38.0,"turns":9.0},{"damage":10.0,"enemies":"4 Shapes","floor":39.0,"turns":6.0},{"damage":1.0,"enemies":"Reptomancer","floor":40.0,"turns":8.0},{"damage":1.0,"enemies":"Maw","floor":42.0,"turns":6.0},{"damage":26.0,"enemies":"Writhing Mass","floor":44.0,"turns":5.0},{"damage":24.0,"enemies":"Sphere and 2 Shapes","floor":46.0,"turns":6.0},{"damage":23.0,"enemies":"3 Darklings","floor":48.0,"turns":7.0},{"damage":41,"enemies":"Awakened One","floor":50,"turns":10}],"seed_played":"-8033728273510849013","potions_obtained":[{"floor":4.0,"key":"GamblersBrew"},{"floor":10.0,"key":"Weak Potion"},{"floor":13.0,"key":"AttackPotion"},{"floor":19.0,"key":"DuplicationPotion"},{"floor":30.0,"key":"ColorlessPotion"},{"floor":31.0,"key":"DistilledChaos"},{"floor":33.0,"key":"EntropicBrew"},{"floor":38.0,"key":"CultistPotion"},{"floor":39.0,"key":"Fire Potion"},{"floor":40.0,"key":"SkillPotion"},{"floor":44.0,"key":"SteroidPotion"}],"is_trial":false,"path_per_floor":["M","?","?","M","M","E","$","R","T","E","M","?","M","M","R","B",null,"M","M","M","$","M","E","$","E","T","M","T","?","E","M","R","B",null,"M","M","?","M","M","E","R","M","T","M","T","M","$","M","R","B",null],"character_chosen":"WATCHER","items_purchased":["Apotheosis","Bottled Lightning","TungstenRod","Ancient Tea Set","Forethought","HandDrill","Weak Potion"],"campfire_rested":1,"item_purchase_floors":[7,21,47,47,47,47,47],"current_hp_per_floor":[69,62,62,61,61,56,56,56,56,47,47,47,46,40,40,40,79,75,75,74,74,59,46,46,46,46,46,46,46,43,42,54,18,89,87,84,84,72,62,61,73,72,72,51,51,32,32,9,50,44],"gold":25,"neow_bonus":"RANDOM_COMMON_RELIC","is_prod":false,"is_daily":false,"chose_seed":false,"campfire_upgraded":4,"win_rate":0,"timestamp":1633587874,"path_taken":["M","?","?","?","M","E","?","R","T","E","M","?","M","M","R","BOSS","M","M","M","?","M","E","?","E","T","?","?","?","E","M","R","BOSS","M","?","?","M","?","E","R","M","T","M","?","M","$","M","R","BOSS"],"build_version":"2020-01-27","purchased_purges":2,"victory":true,"max_hp_per_floor":[72,72,72,72,72,79,79,79,79,79,79,79,79,79,79,79,79,79,79,79,79,79,79,79,79,79,79,79,79,89,89,89,89,89,89,89,89,89,89,89,89,89,89,89,89,89,89,89,89,89],"card_choices":[{"not_picked":["ClearTheMind","Perseverance"],"picked":"PathToVictory","floor":1.0},{"not_picked":["LikeWater","BowlingBash+1"],"picked":"FearNoEvil+1","floor":4.0},{"not_picked":["Protect","DeceiveReality"],"picked":"SandsOfTime+1","floor":5.0},{"not_picked":["Fasting2","Tantrum+1"],"picked":"ReachHeaven+1","floor":6.0},{"not_picked":["LessonLearned+1","Halt"],"picked":"PathToVictory","floor":10.0},{"not_picked":["CrushJoints+1","Evaluate","FollowUp+1"],"picked":"SKIP","floor":11.0},{"not_picked":["ClearTheMind","ThirdEye"],"picked":"PathToVictory","floor":13.0},{"not_picked":["JustLucky+1","ClearTheMind","Vengeance"],"picked":"SKIP","floor":14.0},{"not_picked":["DeusExMachina","ConjureBlade"],"picked":"Vault","floor":16.0},{"not_picked":["Weave+1","CarveReality+1","ThirdEye"],"picked":"SKIP","floor":18.0},{"not_picked":["FlyingSleeves+1","Prostrate","CutThroughFate+1"],"picked":"SKIP","floor":19.0},{"not_picked":["FlyingSleeves+1","Prostrate","CutThroughFate+1"],"picked":"SKIP","floor":19.0},{"not_picked":["ReachHeaven+1","CrushJoints+1","CarveReality+1"],"picked":"SKIP","floor":20.0},{"not_picked":["Evaluate","CutThroughFate+1"],"picked":"EmptyBody","floor":22.0},{"not_picked":["CutThroughFate+1","Halt","Indignation"],"picked":"SKIP","floor":23.0},{"not_picked":["CarveReality+1","SashWhip+1","Wireheading"],"picked":"SKIP","floor":25.0},{"not_picked":["CutThroughFate+1","Blasphemy","Protect","EmptyFist+1"],"picked":"SKIP","floor":27.0},{"not_picked":["Tantrum+1","Collect","Swivel+1","Prostrate"],"picked":"SKIP","floor":30.0},{"not_picked":["Crescendo","ConjureBlade","Swivel","Nirvana"],"picked":"SKIP","floor":31.0},{"not_picked":["Ragnarok+1","Devotion","SpiritShield"],"picked":"Wish","floor":33.0},{"not_picked":["EmptyBody+1","FollowUp+1","Prostrate","CarveReality+1"],"picked":"SKIP","floor":35.0},{"not_picked":["SashWhip+1","SandsOfTime+1","Tantrum+1","ThirdEye"],"picked":"SKIP","floor":36.0},{"not_picked":["Weave+1","CrushJoints+1","FlurryOfBlows+1"],"picked":"LikeWater","floor":38.0},{"not_picked":["CutThroughFate+1","Sanctity","Swivel","FlyingSleeves+1"],"picked":"SKIP","floor":39.0},{"not_picked":["CarveReality+1","EmptyFist+1","Fasting2+1","Nirvana+1"],"picked":"SKIP","floor":40.0},{"not_picked":["Crescendo","Fasting2","ThirdEye+1"],"picked":"PathToVictory","floor":42.0},{"not_picked":["FearNoEvil+1","FollowUp+1","Meditate+1"],"picked":"Alpha","floor":44.0},{"not_picked":["FlurryOfBlows+1","BowlingBash+1","Crescendo+1","CarveReality+1"],"picked":"SKIP","floor":46.0},{"not_picked":["CutThroughFate+1","Blasphemy","Study+1","ReachHeaven+1"],"picked":"SKIP","floor":48.0}],"player_experience":111053,"relics_obtained":[{"floor":6.0,"key":"Strawberry"},{"floor":9.0,"key":"Potion Belt"},{"floor":10.0,"key":"HornCleat"},{"floor":23.0,"key":"Sundial"},{"floor":23.0,"key":"Oddly Smooth Stone"},{"floor":25.0,"key":"Eternal Feather"},{"floor":25.0,"key":"Darkstone Periapt"},{"floor":26.0,"key":"Question Card"},{"floor":28.0,"key":"War Paint"},{"floor":30.0,"key":"Pear"},{"floor":30.0,"key":"Art of War"},{"floor":40.0,"key":"Ginger"},{"floor":40.0,"key":"Toy Ornithopter"},{"floor":43.0,"key":"Smiling Mask"},{"floor":45.0,"key":"Happy Flower"}],"event_choices":[{"damage_healed":0.0,"max_hp_gain":0.0,"max_hp_loss":0.0,"gold_gain":0.0,"event_name":"Scrap Ooze","player_choice":"Success","floor":2.0,"gold_loss":0.0,"damage_taken":7.0,"relics_obtained":["Molten Egg 2"]},{"damage_healed":0.0,"max_hp_gain":0.0,"max_hp_loss":0.0,"gold_gain":0.0,"event_name":"Match and Keep!","player_choice":"2 cards matched","floor":3.0,"gold_loss":0.0,"damage_taken":0.0,"cards_obtained":["LikeWater","ThirdEye"]},{"damage_healed":0.0,"max_hp_gain":0.0,"max_hp_loss":0.0,"gold_gain":0.0,"event_name":"FaceTrader","player_choice":"Trade","floor":12.0,"gold_loss":0.0,"damage_taken":0.0,"relics_obtained":["SsserpentHead"]},{"damage_healed":0.0,"max_hp_gain":0.0,"max_hp_loss":0.0,"gold_gain":0.0,"event_name":"Match and Keep!","player_choice":"1 cards matched","floor":29.0,"gold_loss":0.0,"damage_taken":0.0,"cards_obtained":["MasterReality"]},{"damage_healed":0.0,"max_hp_gain":0.0,"max_hp_loss":0.0,"gold_gain":0.0,"event_name":"Duplicator","player_choice":"Copied","floor":37.0,"gold_loss":0.0,"damage_taken":0.0,"cards_obtained":["Wish"]}],"is_beta":false,"boss_relics":[{"not_picked":["Tiny House","Runic Pyramid"],"picked":"Black Star"},{"not_picked":["Sozu","Snecko Eye"],"picked":"Astrolabe"}],"items_purged_floors":[24,47],"is_endless":false,"potions_floor_spawned":[4,10,13,19,30,31,33,38,39,40,44,48],"ascension_level":2}