{"gold_per_floor":[112,112,112,125,10,30,30,44,44,70,70,70,97,112,112,207,207,226,298,309,335,354,354,454,480,480,520,520,570,62,62,62,176,176,199,221,221,96,123,123,123,482,482,524,542,563,596,624,624,624,624,624,0,27,27],"floor_reached":56,"playtime":4354,"items_purged":["Defend_P","Defend_P","Defend_P","Defend_P"],"score":1404,"play_id":"7f204e14-55f4-42de-bdf9-ec4da8a892b7","local_time":"20211016171122","is_ascension_mode":true,"campfire_choices":[{"floor":11.0,"key":"RECALL"},{"data":"Eruption","floor":15.0,"key":"SMITH"},{"floor":23.0,"key":"REST"},{"floor":32.0,"key":"REST"},{"data":"Wallop","floor":40.0,"key":"SMITH"},{"floor":49.0,"key":"REST"},{"data":"DevaForm","floor":52.0,"key":"SMITH"}],"neow_cost":"NONE","seed_source_timestamp":694502327664776,"circlet_count":0,"master_deck":["Strike_P","Strike_P","Eruption+1","Vigilance","Forethought+1","Wallop+1","Brilliance+1","TalkToTheHand+1","Crescendo","FlyingSleeves+1","EmptyFist","LessonLearned","Ragnarok","Consecrate+1","CutThroughFate","ForeignInfluence+1","Omniscience+1","Tantrum","Adaptation","DeusExMachina","EmptyMind+1","Perseverance","ThirdEye+1","TalkToTheHand","Meditate+1","Madness","Madness","InnerPeace","DevaForm+1","Master of Strategy"],"special_seed":0,"relics":["PureWater","HornCleat","Calipers","Juzu Bracelet","Sozu","StrikeDummy","Toy Ornithopter","Matryoshka","CeramicFish","Unceasing Top","Thread and Needle","HandDrill","SlaversCollar","Old Coin","Whetstone","Strawberry","CloakClasp","Pocketwatch","Ginger","Vajra"],"potions_floor_usage":[],"damage_taken":[{"damage":0.0,"enemies":"2 Louse","floor":1.0,"turns":2.0},{"damage":0.0,"enemies":"Small Slimes","floor":4.0,"turns":4.0},{"damage":3.0,"enemies":"Cultist","floor":6.0,"turns":3.0},{"damage":0.0,"enemies":"Looter","floor":8.0,"turns":2.0},{"damage":9.0,"enemies":"3 Sentries","floor":10.0,"turns":7.0},{"damage":0.0,"enemies":"Gremlin Nob","floor":13.0,"turns":3.0},{"damage":0.0,"enemies":"3 Louse","floor":14.0,"turns":3.0},{"damage":29.0,"enemies":"The Guardian","floor":16.0,"turns":10.0},{"damage":23.0,"enemies":"2 Thieves","floor":18.0,"turns":4.0},{"damage":0.0,"enemies":"Shell Parasite","floor":20.0,"turns":2.0},{"damage":21.0,"enemies":"Snake Plant","floor":22.0,"turns":4.0},{"damage":6.0,"enemies":"Gremlin Leader","floor":25.0,"turns":5.0},{"damage":44.0,"enemies":"Slavers","floor":27.0,"turns":6.0},{"damage":0.0,"enemies":"Colosseum Slavers","floor":28.0,"turns":1.0},{"damage":0.0,"enemies":"Champ","floor":33.0,"turns":10.0},{"damage":0.0,"enemies":"3 Darklings","floor":35.0,"turns":2.0},{"damage":0.0,"enemies":"Orb Walker","floor":36.0,"turns":2.0},{"damage":21.0,"enemies":"4 Shapes","floor":39.0,"turns":6.0},{"damage":0.0,"enemies":"Mind Bloom Boss Battle","floor":42.0,"turns":5.0},{"damage":0.0,"enemies":"Giant Head","floor":44.0,"turns":6.0},{"damage":0.0,"enemies":"3 Darklings","floor":46.0,"turns":2.0},{"damage":0.0,"enemies":"Nemesis","floor":47.0,"turns":7.0},{"damage":6.0,"enemies":"Jaw Worm Horde","floor":48.0,"turns":4.0},{"damage":6.0,"enemies":"Time Eater","floor":50.0,"turns":8.0},{"damage":24.0,"enemies":"Shield and Spear","floor":54.0,"turns":4.0},{"damage":27,"enemies":"The Heart","floor":55,"turns":9}],"seed_played":"-5784471784289690910","potions_obtained":[{"floor":4.0,"key":"FearPotion"},{"floor":8.0,"key":"ColorlessPotion"},{"floor":14.0,"key":"Regen Potion"}],"is_trial":false,"path_per_floor":["M","?","?","M","$","M","?","M","T","E","R","?","E","M","R","B",null,"M","T","M","T","M","R","?","E","T","E","?","?","$","?","R","B",null,"M","M","?","$","M","R","?","?","T","E","?","M","E","M","R","B",null,"R","$","E","B",null],"character_chosen":"WATCHER","items_purchased":["TalkToTheHand","Omniscience","Tantrum","Adaptation","HandDrill","Ginger","Master of Strategy"],"campfire_rested":3,"item_purchase_floors":[5,30,30,30,30,53,53],"current_hp_per_floor":[72,72,72,72,72,69,57,57,57,48,48,72,72,72,72,43,72,58,58,58,58,37,58,58,52,52,8,8,8,8,8,29,29,72,72,72,72,72,51,51,51,51,58,58,48,48,48,42,65,59,79,79,79,55,28],"gold":27,"neow_bonus":"RANDOM_COLORLESS","is_prod":false,"is_daily":false,"chose_seed":false,"campfire_upgraded":3,"win_rate":0,"timestamp":1634375482,"path_taken":["M","?","?","M","$","?","?","M","T","E","R","?","E","M","R","BOSS","M","?","M","?","M","R","?","E","T","E","?","?","?","?","R","BOSS","M","M","?","$","M","R","?","?","T","E","?","M","E","M","R","BOSS","R","$","E","BOSS"],"build_version":"2020-12-13","purchased_purges":4,"victory":true,"max_hp_per_floor":[72,72,72,72,72,72,72,72,72,72,72,72,72,72,72,72,72,72,72,72,72,72,72,72,72,72,72,72,72,72,72,72,72,72,72,72,72,72,72,72,72,72,79,79,79,79,79,79,79,79,79,79,79,79,79],"card_choices":[{"not_picked":["Good Instincts","Dramatic Entrance"],"picked":"Forethought","floor":0.0},{"not_picked":["Consecrate","Prostrate"],"picked":"Wallop","floor":1.0},{"not_picked":["CrushJoints","BowlingBash"],"picked":"Brilliance","floor":4.0},{"not_picked":["DeceiveReality","Sanctity"],"picked":"Crescendo","floor":6.0},{"not_picked":["JustLucky","FlurryOfBlows"],"picked":"FlyingSleeves","floor":8.0},{"not_picked":["PathToVictory","Halt"],"picked":"EmptyFist","floor":10.0},{"not_picked":["Judgement","CrushJoints"],"picked":"LessonLearned","floor":13.0},{"not_picked":["Prostrate","EmptyFist","SashWhip"],"picked":"SKIP","floor":14.0},{"not_picked":["MasterReality","ConjureBlade"],"picked":"Ragnarok","floor":16.0},{"not_picked":["Protect+1","WreathOfFlame"],"picked":"Consecrate","floor":18.0},{"not_picked":["FlyingSleeves","SignatureMove","ForeignInfluence"],"picked":"SKIP","floor":20.0},{"not_picked":["Protect","ReachHeaven"],"picked":"CutThroughFate","floor":22.0},{"not_picked":["Crescendo","FlurryOfBlows","SashWhip+1"],"picked":"SKIP","floor":25.0},{"not_picked":["ThirdEye","Protect"],"picked":"ForeignInfluence+1","floor":27.0},{"not_picked":["Judgement","MasterReality"],"picked":"DeusExMachina","floor":33.0},{"not_picked":["Halt+1","JustLucky+1"],"picked":"EmptyMind+1","floor":35.0},{"not_picked":["Consecrate+1","ThirdEye"],"picked":"Perseverance","floor":36.0},{"not_picked":["Crescendo","WindmillStrike+1"],"picked":"ThirdEye","floor":39.0},{"not_picked":["Weave+1","Crescendo"],"picked":"TalkToTheHand","floor":42.0},{"not_picked":["Pray+1","EmptyFist"],"picked":"Meditate+1","floor":44.0},{"not_picked":["Protect+1","ClearTheMind"],"picked":"InnerPeace","floor":46.0},{"not_picked":["CutThroughFate","Collect+1","EmptyBody"],"picked":"SKIP","floor":47.0},{"not_picked":["Pray","Crescendo"],"picked":"DevaForm","floor":48.0},{"not_picked":["CrushJoints+1","Wireheading","FollowUp+1"],"picked":"SKIP","floor":54.0}],"player_experience":144359,"relics_obtained":[{"floor":10.0,"key":"Calipers"},{"floor":13.0,"key":"Juzu Bracelet"},{"floor":19.0,"key":"StrikeDummy"},{"floor":21.0,"key":"Toy Ornithopter"},{"floor":25.0,"key":"Matryoshka"},{"floor":26.0,"key":"CeramicFish"},{"floor":26.0,"key":"Unceasing Top"},{"floor":27.0,"key":"Thread and Needle"},{"floor":42.0,"key":"Old Coin"},{"floor":43.0,"key":"Whetstone"},{"floor":43.0,"key":"Strawberry"},{"floor":44.0,"key":"CloakClasp"},{"floor":47.0,"key":"Pocketwatch"},{"floor":54.0,"key":"Vajra"}],"event_choices":[{"damage_healed":0.0,"max_hp_gain":0.0,"max_hp_loss":0.0,"gold_gain":0.0,"event_name":"Liars Game","player_choice":"Ignored","floor":2.0,"gold_loss":0.0,"damage_taken":0.0},{"damage_healed":0.0,"max_hp_gain":0.0,"max_hp_loss":0.0,"gold_gain":0.0,"event_name":"Upgrade Shrine","player_choice":"Upgraded","floor":3.0,"gold_loss":0.0,"damage_taken":0.0,"cards_upgraded":["Forethought"]},{"damage_healed":0.0,"max_hp_gain":0.0,"max_hp_loss":0.0,"gold_gain":0.0,"event_name":"Scrap Ooze","player_choice":"Success","floor":7.0,"gold_loss":0.0,"damage_taken":12.0,"relics_obtained":["HornCleat"]},{"damage_healed":24.0,"max_hp_gain":0.0,"max_hp_loss":0.0,"gold_gain":0.0,"event_name":"Wheel of Change","player_choice":"Full Heal","floor":12.0,"gold_loss":0.0,"damage_taken":0.0},{"damage_healed":0.0,"max_hp_gain":0.0,"max_hp_loss":0.0,"gold_gain":100.0,"event_name":"Golden Shrine","player_choice":"Pray","floor":24.0,"gold_loss":0.0,"damage_taken":0.0},{"damage_healed":0.0,"max_hp_gain":0.0,"max_hp_loss":0.0,"gold_gain":0.0,"event_name":"Colosseum","player_choice":"Fight","floor":28.0,"gold_loss":0.0,"damage_taken":0.0},{"damage_healed":0.0,"max_hp_gain":0.0,"max_hp_loss":0.0,"gold_gain":0.0,"event_name":"Colosseum","player_choice":"Fled From Nobs","floor":28.0,"gold_loss":0.0,"damage_taken":0.0},{"damage_healed":0.0,"max_hp_gain":0.0,"max_hp_loss":0.0,"gold_gain":100.0,"event_name":"The Joust","player_choice":"Bet on Murderer","floor":29.0,"gold_loss":50.0,"damage_taken":0.0},{"cards_removed":["Strike_P"],"damage_healed":0.0,"max_hp_gain":0.0,"max_hp_loss":0.0,"gold_gain":0.0,"event_name":"Back to Basics","player_choice":"Elegance","floor":31.0,"gold_loss":0.0,"damage_taken":0.0},{"cards_removed":["Strike_P"],"damage_healed":0.0,"max_hp_gain":0.0,"max_hp_loss":0.0,"gold_gain":0.0,"event_name":"Falling","player_choice":"Removed Attack","floor":37.0,"gold_loss":0.0,"damage_taken":0.0},{"damage_healed":0.0,"max_hp_gain":0.0,"max_hp_loss":0.0,"gold_gain":0.0,"event_name":"Tomb of Lord Red Mask","player_choice":"Ignored","floor":41.0,"gold_loss":0.0,"damage_taken":0.0},{"damage_healed":0.0,"max_hp_gain":0.0,"max_hp_loss":0.0,"gold_gain":0.0,"event_name":"MindBloom","player_choice":"Fight","floor":42.0,"gold_loss":0.0,"damage_taken":0.0},{"damage_healed":0.0,"max_hp_gain":0.0,"max_hp_loss":0.0,"gold_gain":0.0,"event_name":"Winding Halls","player_choice":"Embrace Madness","floor":45.0,"gold_loss":0.0,"damage_taken":10.0,"cards_obtained":["Madness","Madness"]}],"is_beta":false,"boss_relics":[{"not_picked":["Runic Dome","Runic Pyramid"],"picked":"Sozu"},{"not_picked":["Fusion Hammer","VioletLotus"],"picked":"SlaversCollar"}],"items_purged_floors":[5,30,38,53],"is_endless":false,"potions_floor_spawned":[4,8,14,22,27,33,36,39,42,47,54],"ascension_level":1}