{"gold_per_floor":[118,135,135,135,149,149,166,241,241,241,241,267,284,309,309,410,410,425,440,355,355,373,406,406,174,174,174,189,205,233,52,52,152,152,163,177,227,275,150,150,208,208,255,255,275,340,83,116,116,116],"floor_reached":51,"playtime":3862,"items_purged":["Strike_P","Strike_P","FlyingSleeves"],"score":1138,"play_id":"e064ab8a-6186-463b-b5f2-c56ae57457ea","local_time":"20211017131931","is_ascension_mode":true,"campfire_choices":[{"data":"Eruption","floor":6.0,"key":"SMITH"},{"data":"TalkToTheHand","floor":10.0,"key":"SMITH"},{"floor":15.0,"key":"REST"},{"data":"TalkToTheHand","floor":24.0,"key":"SMITH"},{"data":"Wish","floor":27.0,"key":"SMITH"},{"data":"Discovery","floor":32.0,"key":"SMITH"},{"data":"Ragnarok","floor":49,"key":"SMITH"}],"neow_cost":"NONE","seed_source_timestamp":0,"circlet_count":0,"master_deck":["Defend_P","Eruption+1","Vigilance","DevaForm","ClearTheMind","TalkToTheHand+1","DeusExMachina","WindmillStrike","CutThroughFate","Ragnarok+1","TalkToTheHand+1","Indignation","Meditate","Wish+1","Consecrate","BattleHymn+1","SandsOfTime","Discovery+1","EmptyMind","Apotheosis","Scrawl+1"],"special_seed":0,"relics":["PureWater","FossilizedHelix","WingedGreaves","White Beast Statue","Coffee Dripper","Prayer Wheel","Eternal Feather","MealTicket","Bird Faced Urn","Snecko Eye","TungstenRod","Potion Belt","Pantograph","TeardropLocket","Toxic Egg 2"],"potions_floor_usage":[50,50,50],"damage_taken":[{"damage":1.0,"enemies":"Jaw Worm","floor":1.0,"turns":5.0},{"damage":1.0,"enemies":"2 Louse","floor":2.0,"turns":3.0},{"damage":0.0,"enemies":"Small Slimes","floor":5.0,"turns":3.0},{"damage":5.0,"enemies":"3 Louse","floor":7.0,"turns":3.0},{"damage":0.0,"enemies":"Lagavulin","floor":12.0,"turns":4.0},{"damage":5.0,"enemies":"Lots of Slimes","floor":13.0,"turns":4.0},{"damage":0.0,"enemies":"Gremlin Nob","floor":14.0,"turns":4.0},{"damage":24.0,"enemies":"Hexaghost","floor":16.0,"turns":6.0},{"damage":0.0,"enemies":"Spheric Guardian","floor":18.0,"turns":2.0},{"damage":0.0,"enemies":"Shell Parasite","floor":19.0,"turns":3.0},{"damage":0.0,"enemies":"Snecko","floor":22.0,"turns":4.0},{"damage":7.0,"enemies":"Book of Stabbing","floor":23.0,"turns":2.0},{"damage":8.0,"enemies":"Snake Plant","floor":28.0,"turns":3.0},{"damage":0.0,"enemies":"3 Cultists","floor":29.0,"turns":4.0},{"damage":48.0,"enemies":"Slavers","floor":30.0,"turns":5.0},{"damage":0.0,"enemies":"Champ","floor":33.0,"turns":7.0},{"damage":0.0,"enemies":"Orb Walker","floor":35.0,"turns":2.0},{"damage":0.0,"enemies":"3 Darklings","floor":36.0,"turns":3.0},{"damage":0.0,"enemies":"Sphere and 2 Shapes","floor":37.0,"turns":2.0},{"damage":32.0,"enemies":"4 Shapes","floor":38.0,"turns":4.0},{"damage":0.0,"enemies":"Reptomancer","floor":41.0,"turns":3.0},{"damage":6,"enemies":"Jaw Worm Horde","floor":45,"turns":3},{"damage":0,"enemies":"Giant Head","floor":46,"turns":5},{"damage":0,"enemies":"Nemesis","floor":48,"turns":3},{"damage":31,"enemies":"Awakened One","floor":50,"turns":7}],"seed_played":"-7765296231495056581","potions_obtained":[{"floor":2.0,"key":"Fire Potion"},{"floor":12.0,"key":"CultistPotion"},{"floor":16.0,"key":"Energy Potion"},{"floor":18.0,"key":"StancePotion"},{"floor":23.0,"key":"PowerPotion"},{"floor":28.0,"key":"FairyPotion"},{"floor":29.0,"key":"Block Potion"},{"floor":30.0,"key":"FearPotion"},{"floor":33.0,"key":"GamblersBrew"},{"floor":35.0,"key":"Dexterity Potion"},{"floor":36.0,"key":"SkillPotion"},{"floor":38.0,"key":"Fruit Juice"},{"floor":41.0,"key":"DuplicationPotion"},{"floor":45,"key":"LiquidMemories"},{"floor":46,"key":"DuplicationPotion"}],"is_trial":false,"path_per_floor":["M","M","?","?","M","R","M","?","T","R","?","E","M","E","R","B",null,"M","M","?","?","M","E","R","$","T","R","M","M","E","$","R","B",null,"M","M","M","M","$","?","E","?","T","?","M","E","$","E","R","B",null],"character_chosen":"WATCHER","items_purchased":["Wish","Discovery","TeardropLocket"],"campfire_rested":1,"item_purchase_floors":[25,31,47],"current_hp_per_floor":[71,70,63,63,63,63,58,47,47,47,47,47,42,42,63,39,64,64,64,64,64,64,57,66,66,66,72,64,64,16,31,43,47,66,68,68,72,45,60,60,62,62,62,62,58,64,73,73,73,42],"gold":116,"neow_bonus":"TRANSFORM_CARD","is_prod":false,"is_daily":false,"chose_seed":false,"campfire_upgraded":6,"win_rate":0,"timestamp":1634447971,"path_taken":["M","M","?","?","M","R","M","?","T","R","?","E","M","E","R","BOSS","M","?","?","?","M","E","R","$","T","R","M","M","E","?","R","BOSS","M","M","M","M","$","?","E","?","T","?","M","E","$","E","R","BOSS"],"build_version":"2020-12-13","purchased_purges":3,"victory":true,"max_hp_per_floor":[72,72,72,72,72,72,72,72,72,72,72,72,72,72,72,72,72,72,72,72,72,72,72,72,72,72,72,72,72,72,72,72,72,72,72,72,72,77,77,77,77,73,73,73,73,73,73,73,73,73],"card_choices":[{"not_picked":["CrushJoints","JustLucky"],"picked":"ClearTheMind","floor":1.0},{"not_picked":["Evaluate","CutThroughFate"],"picked":"TalkToTheHand","floor":2.0},{"not_picked":["SashWhip","FlurryOfBlows","Pray"],"picked":"SKIP","floor":5.0},{"not_picked":["EmptyBody","ClearTheMind","Wireheading"],"picked":"SKIP","floor":7.0},{"not_picked":["FlurryOfBlows","Swivel"],"picked":"WindmillStrike","floor":12.0},{"not_picked":["Protect","Halt"],"picked":"FlyingSleeves","floor":13.0},{"not_picked":["Vengeance","DevaForm"],"picked":"CutThroughFate","floor":14.0},{"not_picked":["DevaForm","DeusExMachina"],"picked":"Ragnarok","floor":16.0},{"not_picked":["FollowUp","FlyingSleeves","Evaluate+1"],"picked":"SKIP","floor":18.0},{"not_picked":["Prostrate","Protect"],"picked":"EmptyFist+1","floor":19.0},{"not_picked":["Nirvana","Prostrate"],"picked":"TalkToTheHand","floor":22.0},{"not_picked":["EmptyFist","BowlingBash"],"picked":"Indignation","floor":22.0},{"not_picked":["Swivel","Crescendo"],"picked":"Meditate","floor":23.0},{"not_picked":["EmptyFist","SpiritShield"],"picked":"Consecrate","floor":28.0},{"not_picked":["Protect","Collect","EmptyBody"],"picked":"SKIP","floor":28.0},{"not_picked":["Prostrate+1","WaveOfTheHand"],"picked":"BattleHymn+1","floor":29.0},{"not_picked":["FlurryOfBlows","Weave","Prostrate"],"picked":"SKIP","floor":29.0},{"not_picked":["BowlingBash","Evaluate"],"picked":"SandsOfTime","floor":30.0},{"not_picked":["PathToVictory","WaveOfTheHand+1","LikeWater+1"],"picked":"SKIP","floor":35.0},{"not_picked":["Prostrate+1","Evaluate+1","Crescendo"],"picked":"SKIP","floor":35.0},{"not_picked":["Fasting2","Pray"],"picked":"EmptyMind","floor":36.0},{"not_picked":["Evaluate+1","ReachHeaven+1","Consecrate"],"picked":"SKIP","floor":36.0},{"not_picked":["Evaluate+1","ReachHeaven+1","Consecrate"],"picked":"SKIP","floor":36.0},{"not_picked":["FollowUp","FlurryOfBlows+1","Swivel"],"picked":"SKIP","floor":37.0},{"not_picked":["Sanctity","PathToVictory","Consecrate+1"],"picked":"SKIP","floor":37.0},{"not_picked":["EmptyMind+1","DevaForm","ReachHeaven+1"],"picked":"SKIP","floor":38.0},{"not_picked":["WindmillStrike","Weave","Nirvana+1"],"picked":"SKIP","floor":38.0},{"not_picked":["Flash of Steel","Master of Strategy"],"picked":"Apotheosis","floor":40.0},{"not_picked":["JustLucky","Halt+1","CrushJoints"],"picked":"SKIP","floor":41.0},{"not_picked":["Sanctity+1","FollowUp","Vengeance+1"],"picked":"SKIP","floor":45},{"not_picked":["CutThroughFate","FollowUp","Consecrate+1"],"picked":"SKIP","floor":45},{"not_picked":["FlyingSleeves","WaveOfTheHand+1","MentalFortress"],"picked":"SKIP","floor":46},{"not_picked":["InnerPeace+1","PathToVictory+1"],"picked":"Scrawl+1","floor":48}],"player_experience":156999,"relics_obtained":[{"floor":9.0,"key":"FossilizedHelix"},{"floor":12.0,"key":"WingedGreaves"},{"floor":14.0,"key":"White Beast Statue"},{"floor":23.0,"key":"Eternal Feather"},{"floor":26.0,"key":"MealTicket"},{"floor":30.0,"key":"Bird Faced Urn"},{"floor":41.0,"key":"TungstenRod"},{"floor":43,"key":"Potion Belt"},{"floor":46,"key":"Pantograph"},{"floor":48,"key":"Toxic Egg 2"}],"event_choices":[{"cards_removed":["Defend_P"],"damage_healed":0.0,"max_hp_gain":0.0,"max_hp_loss":0.0,"gold_gain":0.0,"event_name":"Golden Wing","player_choice":"Card Removal","floor":3.0,"gold_loss":0.0,"damage_taken":7.0},{"damage_healed":0.0,"max_hp_gain":0.0,"max_hp_loss":0.0,"gold_gain":0.0,"cards_transformed":["Defend_P"],"event_name":"Living Wall","player_choice":"Change","floor":4.0,"gold_loss":0.0,"damage_taken":0.0,"cards_obtained":["DeusExMachina"]},{"damage_healed":0.0,"max_hp_gain":0.0,"max_hp_loss":0.0,"gold_gain":75.0,"event_name":"World of Goop","player_choice":"Gather Gold","floor":8.0,"gold_loss":0.0,"damage_taken":11.0},{"cards_removed":["Defend_P"],"damage_healed":0.0,"max_hp_gain":0.0,"max_hp_loss":0.0,"gold_gain":0.0,"event_name":"Purifier","player_choice":"Purged","floor":11.0,"gold_loss":0.0,"damage_taken":0.0},{"damage_healed":0.0,"max_hp_gain":0.0,"max_hp_loss":0.0,"gold_gain":0.0,"event_name":"Addict","player_choice":"Obtained Relic","floor":20.0,"gold_loss":85.0,"damage_taken":0.0,"relics_obtained":["Prayer Wheel"]},{"cards_removed":["Strike_P"],"damage_healed":0.0,"max_hp_gain":0.0,"max_hp_loss":0.0,"gold_gain":0.0,"event_name":"Back to Basics","player_choice":"Elegance","floor":21.0,"gold_loss":0.0,"damage_taken":0.0},{"damage_healed":0.0,"max_hp_gain":0.0,"max_hp_loss":0.0,"gold_gain":0.0,"event_name":"SensoryStone","player_choice":"Memory 1","floor":40.0,"gold_loss":0.0,"damage_taken":0.0},{"damage_healed":0,"gold_gain":0,"player_choice":"Max HP","damage_taken":0,"max_hp_gain":0,"max_hp_loss":4,"event_name":"Winding Halls","floor":42,"gold_loss":0},{"cards_removed":["EmptyFist"],"damage_healed":0,"gold_gain":0,"player_choice":"Removed Attack","damage_taken":0,"max_hp_gain":0,"max_hp_loss":0,"event_name":"Falling","floor":44,"gold_loss":0}],"is_beta":false,"boss_relics":[{"not_picked":["Sozu","Runic Pyramid"],"picked":"Coffee Dripper"},{"not_picked":["VioletLotus","Fusion Hammer"],"picked":"Snecko Eye"}],"items_purged_floors":[25,31,39],"is_endless":false,"potions_floor_spawned":[2,12,16,18,19,22,23,28,29,30,33,35,36,37,38,41,45,46,48],"ascension_level":5}