{"gold_per_floor":[111,111,111,127,139,170,181,201,253,253,268,81,81,81,81,179,179,189,189,139,152,33,33,45,45,45,79,98,112,37,37,37,172,172,189,189,99,110,20,45,0,25,25,54,54,83,83,129,129,129],"floor_reached":51,"playtime":3801,"items_purged":["Defend_P","BowlingBash","CutThroughFate"],"score":1170,"play_id":"40c0018c-7c18-4eb9-a92b-ce989089fe94","local_time":"20211017235620","is_ascension_mode":true,"campfire_choices":[{"data":"Eruption","floor":10.0,"key":"SMITH"},{"data":"PathToVictory","floor":13.0,"key":"SMITH"},{"data":"Ragnarok","floor":15.0,"key":"SMITH"},{"data":"Wish","floor":23.0,"key":"SMITH"},{"data":"Pray","floor":32.0,"key":"SMITH"},{"data":"TalkToTheHand","floor":45.0,"key":"SMITH"},{"data":"Protect","floor":47,"key":"SMITH"},{"data":"Sanctity","floor":49,"key":"SMITH"}],"neow_cost":"NONE","seed_source_timestamp":725182039584824,"circlet_count":0,"master_deck":["Eruption+1","Vigilance","DevaForm","Tantrum","PathToVictory+1","Ragnarok+1","Wish+1","BowlingBash+1","InnerPeace","Sanctity+1","ClearTheMind","EmptyFist","Finesse+1","Sanctity+1","Alpha","Pray+1","Scrawl","TalkToTheHand+1","Protect+1","Wallop+1"],"special_seed":0,"relics":["PureWater","Strawberry","Gremlin Horn","Damaru","Membership Card","Pandora\u0027s Box","Lantern","Singing Bowl","Anchor","Snecko Eye","Regal Pillow","Red Mask","Boot","Art of War","Bag of Preparation","TeardropLocket","Happy Flower"],"potions_floor_usage":[50,50],"damage_taken":[{"damage":7.0,"enemies":"Jaw Worm","floor":1.0,"turns":3.0},{"damage":0.0,"enemies":"Small Slimes","floor":4.0,"turns":2.0},{"damage":0.0,"enemies":"Cultist","floor":5.0,"turns":4.0},{"damage":0.0,"enemies":"Lagavulin","floor":6.0,"turns":4.0},{"damage":0.0,"enemies":"Exordium Thugs","floor":7.0,"turns":2.0},{"damage":0.0,"enemies":"Large Slime","floor":8.0,"turns":3.0},{"damage":0.0,"enemies":"2 Fungi Beasts","floor":11.0,"turns":2.0},{"damage":0.0,"enemies":"Slime Boss","floor":16.0,"turns":2.0},{"damage":14.0,"enemies":"2 Thieves","floor":18.0,"turns":2.0},{"damage":17.0,"enemies":"Chosen","floor":21.0,"turns":6.0},{"damage":0.0,"enemies":"3 Cultists","floor":24.0,"turns":2.0},{"damage":12.0,"enemies":"Book of Stabbing","floor":27.0,"turns":2.0},{"damage":0.0,"enemies":"Shelled Parasite and Fungi","floor":28.0,"turns":4.0},{"damage":10.0,"enemies":"Snecko","floor":29.0,"turns":5.0},{"damage":57.0,"enemies":"Champ","floor":33.0,"turns":6.0},{"damage":0.0,"enemies":"3 Darklings","floor":35.0,"turns":1.0},{"damage":0.0,"enemies":"3 Shapes","floor":38.0,"turns":1.0},{"damage":0.0,"enemies":"Giant Head","floor":40.0,"turns":5.0},{"damage":0.0,"enemies":"Reptomancer","floor":42.0,"turns":4.0},{"damage":1.0,"enemies":"Nemesis","floor":44.0,"turns":5.0},{"damage":0,"enemies":"Reptomancer","floor":46,"turns":3},{"damage":11,"enemies":"Awakened One","floor":50,"turns":5}],"seed_played":"-1162199233859340581","potions_obtained":[{"floor":1.0,"key":"SkillPotion"},{"floor":6.0,"key":"DuplicationPotion"},{"floor":8.0,"key":"SteroidPotion"},{"floor":24.0,"key":"LiquidBronze"},{"floor":29.0,"key":"Strength Potion"},{"floor":38.0,"key":"DuplicationPotion"},{"floor":40.0,"key":"BlessingOfTheForge"},{"floor":42.0,"key":"ColorlessPotion"},{"floor":46,"key":"GamblersBrew"}],"is_trial":false,"path_per_floor":["M","?","?","M","M","E","M","M","T","R","M","$","R","?","R","B",null,"M","?","$","M","$","R","M","$","T","E","M","M","?","?","R","B",null,"M","?","?","M","$","E","?","E","T","E","R","E","R","T","R","B",null],"character_chosen":"WATCHER","items_purchased":["Membership Card","Finesse","Lantern","Protect"],"campfire_rested":0,"item_purchase_floors":[12,22,22,39],"current_hp_per_floor":[58,53,53,53,53,53,53,53,53,53,53,53,53,53,53,53,73,59,79,79,62,62,62,62,62,62,50,50,40,40,79,79,22,65,67,67,67,67,67,67,67,69,69,70,70,72,72,72,72,61],"gold":129,"neow_bonus":"REMOVE_CARD","is_prod":false,"is_daily":false,"chose_seed":false,"campfire_upgraded":8,"win_rate":0,"timestamp":1634486180,"path_taken":["M","?","?","M","M","E","M","M","T","R","M","$","R","?","R","BOSS","M","?","$","M","$","R","M","?","T","E","M","M","?","?","R","BOSS","M","?","?","?","?","E","?","E","T","E","R","E","R","?","R","BOSS"],"build_version":"2020-12-13","purchased_purges":3,"victory":true,"max_hp_per_floor":[72,79,79,79,79,79,79,79,79,79,79,79,79,79,79,79,79,79,79,79,79,79,79,79,79,79,79,79,79,79,79,79,79,79,81,81,81,81,81,81,81,83,83,85,85,87,87,87,87,87],"card_choices":[{"not_picked":["Nirvana","ForeignInfluence"],"picked":"Consecrate","floor":1.0},{"not_picked":["FlurryOfBlows","FlyingSleeves"],"picked":"BowlingBash","floor":4.0},{"not_picked":["Perseverance","DeceiveReality"],"picked":"CutThroughFate","floor":5.0},{"not_picked":["LessonLearned","Perseverance"],"picked":"Tantrum","floor":6.0},{"not_picked":["Protect","Sanctity","ForeignInfluence"],"picked":"SKIP","floor":7.0},{"not_picked":["FollowUp","Consecrate"],"picked":"PathToVictory","floor":8.0},{"not_picked":["Halt","Prostrate","FlurryOfBlows"],"picked":"SKIP","floor":11.0},{"not_picked":["ConjureBlade","SpiritShield"],"picked":"LessonLearned","floor":16.0},{"not_picked":["Swivel","FollowUp+1"],"picked":"EmptyFist","floor":18.0},{"not_picked":["FollowUp+1","SashWhip","Halt+1"],"picked":"SKIP","floor":21.0},{"not_picked":["ClearTheMind","WheelKick","ThirdEye+1"],"picked":"SKIP","floor":24.0},{"not_picked":["FlurryOfBlows","CutThroughFate+1"],"picked":"Sanctity","floor":27.0},{"not_picked":["WreathOfFlame","FollowUp"],"picked":"Alpha","floor":28.0},{"not_picked":["Consecrate","SignatureMove"],"picked":"Pray","floor":29.0},{"not_picked":["Judgement","DevaForm"],"picked":"Scrawl","floor":33.0},{"not_picked":["CarveReality","ThirdEye+1","Study+1"],"picked":"Singing Bowl","floor":35.0},{"not_picked":["Consecrate","Evaluate+1"],"picked":"TalkToTheHand","floor":38.0},{"not_picked":["Adaptation","ClearTheMind"],"picked":"Wallop+1","floor":40.0},{"not_picked":["EmptyBody+1","FearNoEvil","CutThroughFate"],"picked":"SKIP","floor":42.0},{"not_picked":["EmptyBody+1","FearNoEvil","CutThroughFate"],"picked":"Singing Bowl","floor":42.0},{"not_picked":["PathToVictory","Wireheading+1","ThirdEye+1"],"picked":"Singing Bowl","floor":44.0},{"not_picked":["ForeignInfluence","SpiritShield","Study"],"picked":"Singing Bowl","floor":46}],"player_experience":164848,"relics_obtained":[{"floor":6.0,"key":"Gremlin Horn"},{"floor":9.0,"key":"Damaru"},{"floor":26.0,"key":"Singing Bowl"},{"floor":27.0,"key":"Anchor"},{"floor":40.0,"key":"Regal Pillow"},{"floor":42.0,"key":"Boot"},{"floor":43.0,"key":"Art of War"},{"floor":44.0,"key":"Bag of Preparation"},{"floor":46,"key":"TeardropLocket"},{"floor":48,"key":"Happy Flower"}],"event_choices":[{"damage_healed":0.0,"max_hp_gain":0.0,"max_hp_loss":0.0,"gold_gain":0.0,"event_name":"Scrap Ooze","player_choice":"Success","floor":2.0,"gold_loss":0.0,"damage_taken":12.0,"relics_obtained":["Strawberry"]},{"damage_healed":0.0,"max_hp_gain":0.0,"max_hp_loss":0.0,"gold_gain":0.0,"cards_transformed":["Strike_P"],"event_name":"Living Wall","player_choice":"Change","floor":3.0,"gold_loss":0.0,"damage_taken":0.0,"cards_obtained":["DevaForm"]},{"damage_healed":0.0,"max_hp_gain":0.0,"max_hp_loss":0.0,"gold_gain":0.0,"event_name":"Match and Keep!","player_choice":"1 cards matched","floor":14.0,"gold_loss":0.0,"damage_taken":0.0,"cards_obtained":["Ragnarok"]},{"damage_healed":26.0,"max_hp_gain":0.0,"max_hp_loss":0.0,"gold_gain":0.0,"event_name":"The Library","player_choice":"Heal","floor":19.0,"gold_loss":0.0,"damage_taken":0.0},{"cards_removed":["Consecrate"],"damage_healed":0.0,"max_hp_gain":0.0,"max_hp_loss":0.0,"gold_gain":0.0,"event_name":"Beggar","player_choice":"Gave Gold","floor":30.0,"gold_loss":75.0,"damage_taken":0.0},{"damage_healed":39.0,"max_hp_gain":0.0,"max_hp_loss":0.0,"gold_gain":0.0,"event_name":"Wheel of Change","player_choice":"Full Heal","floor":31.0,"gold_loss":0.0,"damage_taken":0.0},{"damage_healed":0.0,"max_hp_gain":0.0,"max_hp_loss":0.0,"gold_gain":0.0,"event_name":"Mysterious Sphere","player_choice":"Ignored","floor":36.0,"gold_loss":0.0,"damage_taken":0.0},{"cards_removed":["LessonLearned"],"damage_healed":0.0,"max_hp_gain":0.0,"max_hp_loss":0.0,"gold_gain":0.0,"event_name":"Designer","player_choice":"Upgrade and Remove","floor":37.0,"gold_loss":90.0,"damage_taken":0.0,"cards_upgraded":["Sanctity"]},{"damage_healed":0.0,"max_hp_gain":0.0,"max_hp_loss":0.0,"gold_gain":0.0,"event_name":"Tomb of Lord Red Mask","player_choice":"Paid","floor":41.0,"gold_loss":45.0,"damage_taken":0.0,"relics_obtained":["Red Mask"]}],"is_beta":false,"boss_relics":[{"not_picked":["HolyWater","Black Star"],"picked":"Pandora\u0027s Box"},{"not_picked":["Philosopher\u0027s Stone","Velvet Choker"],"picked":"Snecko Eye"}],"items_purged_floors":[12,20,39],"is_endless":false,"potions_floor_spawned":[1,6,8,24,29,38,40,42,46],"ascension_level":6}