{"gold_per_floor":[215,215,230,247,94,94,111,111,111,131,131,131,145,170,170,270,270,288,83,100,100,118,145,155,30,56,56,56],"floor_reached":28,"playtime":1592,"items_purged":["Decay","Strike_P","Strike_P"],"score":240,"play_id":"5c059414-7253-48a0-ad9a-5b2cf1d032b6","local_time":"20211016153538","is_ascension_mode":false,"campfire_choices":[{"floor":8.0,"key":"RECALL"},{"data":"Eruption","floor":12.0,"key":"SMITH"},{"floor":15.0,"key":"REST"}],"neow_cost":"NONE","seed_source_timestamp":692194114870212,"circlet_count":0,"master_deck":["Strike_P","Defend_P","Defend_P","Eruption+1","Vigilance","SandsOfTime","LikeWater","CutThroughFate","Adaptation","Wallop","FollowUp","BattleHymn","Consecrate","DevaForm","Tantrum","EmptyMind","EmptyFist","InnerPeace","ReachHeaven","TalkToTheHand","DevaForm","ReachHeaven"],"special_seed":0,"relics":["PureWater","Smiling Mask","Sundial","Black Star","GoldenEye","Happy Flower","Turnip"],"potions_floor_usage":[28],"damage_taken":[{"damage":2.0,"enemies":"Small Slimes","floor":1.0,"turns":2.0},{"damage":0.0,"enemies":"Cultist","floor":3.0,"turns":4.0},{"damage":0.0,"enemies":"2 Louse","floor":4.0,"turns":1.0},{"damage":11.0,"enemies":"Blue Slaver","floor":7.0,"turns":4.0},{"damage":6.0,"enemies":"3 Louse","floor":10.0,"turns":4.0},{"damage":7.0,"enemies":"Exordium Thugs","floor":13.0,"turns":3.0},{"damage":8.0,"enemies":"3 Sentries","floor":14.0,"turns":7.0},{"damage":17.0,"enemies":"Slime Boss","floor":16.0,"turns":5.0},{"damage":15.0,"enemies":"Spheric Guardian","floor":18.0,"turns":5.0},{"damage":5.0,"enemies":"3 Byrds","floor":20.0,"turns":3.0},{"damage":5.0,"enemies":"Cultist and Chosen","floor":22.0,"turns":5.0},{"damage":37.0,"enemies":"Slavers","floor":23.0,"turns":5.0},{"damage":5.0,"enemies":"Shelled Parasite and Fungi","floor":24.0,"turns":4.0},{"damage":6,"enemies":"Snake Plant","floor":28,"turns":1}],"seed_played":"338611054636873023","potions_obtained":[{"floor":3.0,"key":"LiquidMemories"},{"floor":7.0,"key":"Block Potion"},{"floor":13.0,"key":"AttackPotion"},{"floor":14.0,"key":"DistilledChaos"},{"floor":16.0,"key":"SteroidPotion"},{"floor":18.0,"key":"PowerPotion"},{"floor":22.0,"key":"Fire Potion"}],"is_trial":false,"path_per_floor":["M","?","M","M","$","?","M","R","T","M","?","R","M","E","R","B",null,"M","$","M","?","M","E","M","$","T","?","M"],"character_chosen":"WATCHER","items_purchased":["Adaptation","Tantrum","EmptyMind","DistilledChaos"],"campfire_rested":1,"item_purchase_floors":[5,19,19,25],"current_hp_per_floor":[70,70,70,70,70,70,59,59,59,53,53,53,46,38,59,42,72,57,57,52,52,47,10,5,5,5,5,0],"gold":56,"neow_bonus":"HUNDRED_GOLD","is_prod":false,"is_daily":false,"chose_seed":false,"campfire_upgraded":1,"win_rate":0,"timestamp":1634369738,"path_taken":["M","?","?","M","$","?","M","R","T","M","?","R","M","E","R","BOSS","M","$","M","?","M","E","M","$","T","?","M"],"build_version":"2020-12-13","purchased_purges":3,"victory":false,"max_hp_per_floor":[72,72,72,72,72,72,72,72,72,72,72,72,72,72,72,72,72,72,72,72,72,72,72,72,72,72,72,72],"card_choices":[{"not_picked":["FlyingSleeves","FollowUp"],"picked":"SandsOfTime","floor":1.0},{"not_picked":["Weave","SignatureMove"],"picked":"LikeWater","floor":3.0},{"not_picked":["FlurryOfBlows","JustLucky"],"picked":"CutThroughFate","floor":4.0},{"not_picked":["Evaluate","Indignation"],"picked":"Wallop","floor":7.0},{"not_picked":["Vengeance","Nirvana","FlyingSleeves"],"picked":"SKIP","floor":10.0},{"not_picked":["CarveReality","CrushJoints"],"picked":"BattleHymn","floor":13.0},{"not_picked":["Evaluate","FollowUp"],"picked":"Consecrate","floor":14.0},{"not_picked":["Omniscience","LessonLearned"],"picked":"DevaForm","floor":16.0},{"not_picked":["Halt","CutThroughFate","Evaluate"],"picked":"SKIP","floor":18.0},{"not_picked":["SignatureMove+1","ThirdEye"],"picked":"EmptyFist","floor":20.0},{"not_picked":["Fasting2","Consecrate+1"],"picked":"InnerPeace","floor":22.0},{"not_picked":["SignatureMove","MasterReality"],"picked":"ReachHeaven","floor":23.0},{"not_picked":["ForeignInfluence","EmptyFist+1"],"picked":"TalkToTheHand","floor":24.0}],"player_experience":142767,"relics_obtained":[{"floor":9.0,"key":"Smiling Mask"},{"floor":14.0,"key":"Sundial"},{"floor":23.0,"key":"Happy Flower"},{"floor":23.0,"key":"Turnip"}],"event_choices":[{"damage_healed":0.0,"max_hp_gain":0.0,"max_hp_loss":0.0,"gold_gain":0.0,"event_name":"Wheel of Change","player_choice":"Cursed","floor":2.0,"gold_loss":0.0,"damage_taken":0.0,"cards_obtained":["Decay"]},{"damage_healed":0.0,"max_hp_gain":0.0,"max_hp_loss":0.0,"gold_gain":0.0,"event_name":"Liars Game","player_choice":"Ignored","floor":6.0,"gold_loss":0.0,"damage_taken":0.0},{"damage_healed":0.0,"max_hp_gain":0.0,"max_hp_loss":0.0,"gold_gain":0.0,"cards_transformed":["Defend_P"],"event_name":"Living Wall","player_choice":"Change","floor":11.0,"gold_loss":0.0,"damage_taken":0.0,"cards_obtained":["FollowUp"]},{"damage_healed":0.0,"max_hp_gain":0.0,"max_hp_loss":0.0,"gold_gain":0.0,"event_name":"The Mausoleum","player_choice":"Opened","floor":21.0,"gold_loss":0.0,"damage_taken":0.0,"relics_obtained":["GoldenEye"]},{"damage_healed":0,"gold_gain":0,"cards_transformed":["Defend_P","Strike_P"],"player_choice":"Became Test Subject","damage_taken":0,"max_hp_gain":0,"max_hp_loss":0,"event_name":"Drug Dealer","floor":27,"gold_loss":0,"cards_obtained":["DevaForm","ReachHeaven"]}],"is_beta":false,"boss_relics":[{"not_picked":["Velvet Choker","Tiny House"],"picked":"Black Star"}],"items_purged_floors":[5,19,25],"is_endless":false,"potions_floor_spawned":[3,7,13,14,16,18,20,22],"killed_by":"Snake Plant","ascension_level":0}