{"gold_per_floor":[114,134,57,57,57,86,86,116,141,164,164,89,89,132,144,260,272,308,320,332,366,387,399,452,464,476,488,500,523,565,68,68,163,163,183,183,202,202,202],"floor_reached":39,"playtime":1664,"items_purged":["Defend_P","Writhe"],"score":603,"play_id":"5bac637e-4010-4a4b-9c82-a09641b0c3a9","local_time":"20211023222436","is_ascension_mode":true,"campfire_choices":[{"data":"Adaptation","floor":7.0,"key":"SMITH"},{"floor":11.0,"key":"REST"},{"data":"BattleHymn","floor":15.0,"key":"SMITH"},{"data":"MasterReality","floor":23.0,"key":"SMITH"},{"floor":25.0,"key":"REST"},{"data":"Protect","floor":28.0,"key":"SMITH"},{"floor":32.0,"key":"REST"}],"neow_cost":"TEN_PERCENT_HP_LOSS","seed_source_timestamp":10200263341223,"circlet_count":0,"master_deck":["Strike_P","Strike_P+1","Defend_P","Defend_P","Eruption+1","Vigilance","BattleHymn+1","Adaptation+1","Protect+1","DevaForm","FearNoEvil","MasterReality+1","Crescendo+1","EmptyFist","Perseverance+1","Ragnarok","DeusExMachina","CurseOfTheBell","Madness","Madness"],"special_seed":0,"relics":["PureWater","CaptainsWheel","Lantern","Regal Pillow","Sundial","MawBank","Empty Cage","Toy Ornithopter","Potion Belt","Mercury Hourglass","Nloth\u0027s Gift","Singing Bowl","Calling Bell","Dream Catcher","Shuriken","Du-Vu Doll"],"potions_floor_usage":[],"damage_taken":[{"damage":0.0,"enemies":"Cultist","floor":1.0,"turns":2.0},{"damage":3.0,"enemies":"2 Louse","floor":2.0,"turns":4.0},{"damage":16.0,"enemies":"3 Sentries","floor":6.0,"turns":10.0},{"damage":7.0,"enemies":"Lagavulin","floor":8.0,"turns":5.0},{"damage":0.0,"enemies":"Small Slimes","floor":10.0,"turns":2.0},{"damage":15.0,"enemies":"3 Sentries","floor":14.0,"turns":6.0},{"damage":25.0,"enemies":"Hexaghost","floor":16.0,"turns":8.0},{"damage":8.0,"enemies":"Spheric Guardian","floor":18.0,"turns":3.0},{"damage":13.0,"enemies":"Shell Parasite","floor":21.0,"turns":4.0},{"damage":23.0,"enemies":"Book of Stabbing","floor":24.0,"turns":4.0},{"damage":40.0,"enemies":"Snake Plant","floor":29.0,"turns":3.0},{"damage":18.0,"enemies":"Gremlin Leader","floor":30.0,"turns":3.0},{"damage":43.0,"enemies":"Collector","floor":33.0,"turns":9.0},{"damage":15.0,"enemies":"3 Shapes","floor":35.0,"turns":3.0},{"damage":11.0,"enemies":"Orb Walker","floor":37.0,"turns":3.0},{"damage":24,"enemies":"Jaw Worm Horde","floor":39,"turns":2}],"seed_played":"8712753930942957921","potions_obtained":[{"floor":1.0,"key":"GamblersBrew"},{"floor":10.0,"key":"Explosive Potion"},{"floor":16.0,"key":"FearPotion"},{"floor":18.0,"key":"Fire Potion"},{"floor":24.0,"key":"FearPotion"},{"floor":29.0,"key":"AttackPotion"}],"is_trial":false,"path_per_floor":["M","M","$","?","?","E","R","E","T","M","R","$","?","E","R","B",null,"M","?","$","M","?","R","E","R","T","?","R","M","E","$","R","B",null,"M","?","M","?","M"],"character_chosen":"WATCHER","items_purchased":["Adaptation","Singing Bowl","Ragnarok"],"campfire_rested":3,"item_purchase_floors":[3,31,31],"current_hp_per_floor":[65,62,62,49,54,38,38,31,31,31,67,67,64,49,49,24,59,51,51,51,38,38,38,20,56,56,56,56,16,13,13,49,6,54,41,41,32,23,0],"gold":202,"neow_bonus":"ONE_RARE_RELIC","is_prod":false,"is_daily":false,"chose_seed":false,"campfire_upgraded":4,"win_rate":0,"timestamp":1634999076,"path_taken":["M","M","?","?","?","E","R","E","T","M","R","$","?","E","R","BOSS","M","?","?","M","?","R","E","R","T","?","R","?","E","$","R","BOSS","M","?","M","?","M"],"build_version":"2020-12-13","purchased_purges":2,"victory":false,"max_hp_per_floor":[65,65,65,65,70,70,70,70,70,70,70,70,70,70,70,70,70,70,70,70,70,70,70,70,70,70,70,70,70,70,70,70,70,70,72,72,74,74,74],"card_choices":[{"not_picked":["JustLucky","Conclude"],"picked":"BattleHymn","floor":1.0},{"not_picked":["Collect","Evaluate","EmptyBody"],"picked":"SKIP","floor":2.0},{"not_picked":["FollowUp","Blasphemy"],"picked":"Protect","floor":6.0},{"not_picked":["SashWhip","LikeWater"],"picked":"DevaForm","floor":8.0},{"not_picked":["ClearTheMind","InnerPeace"],"picked":"FearNoEvil","floor":10.0},{"not_picked":["CrushJoints","Swivel"],"picked":"Halt","floor":14.0},{"not_picked":["Devotion","Establishment"],"picked":"MasterReality","floor":16.0},{"not_picked":["CutThroughFate","ReachHeaven"],"picked":"Crescendo+1","floor":18.0},{"not_picked":["Consecrate","PathToVictory"],"picked":"EmptyFist","floor":21.0},{"not_picked":["Vengeance","ForeignInfluence+1"],"picked":"Perseverance+1","floor":24.0},{"not_picked":["CutThroughFate","FlurryOfBlows","MasterReality"],"picked":"SKIP","floor":29.0},{"not_picked":["ForeignInfluence","Wireheading+1","Vengeance+1"],"picked":"SKIP","floor":30.0},{"not_picked":["MasterReality","SpiritShield"],"picked":"DeusExMachina","floor":33.0},{"not_picked":["BowlingBash","Evaluate","DevaForm"],"picked":"Singing Bowl","floor":35.0},{"not_picked":["Conclude+1","WreathOfFlame","Halt"],"picked":"Singing Bowl","floor":37.0}],"player_experience":175463,"relics_obtained":[{"floor":6.0,"key":"Lantern"},{"floor":8.0,"key":"Regal Pillow"},{"floor":9.0,"key":"CeramicFish"},{"floor":14.0,"key":"MawBank"},{"floor":24.0,"key":"Potion Belt"},{"floor":26.0,"key":"Mercury Hourglass"},{"floor":34.0,"key":"Dream Catcher"},{"floor":34.0,"key":"Shuriken"},{"floor":34.0,"key":"Du-Vu Doll"}],"event_choices":[{"damage_healed":0.0,"max_hp_gain":0.0,"max_hp_loss":0.0,"gold_gain":0.0,"event_name":"Shining Light","player_choice":"Entered Light","floor":4.0,"gold_loss":0.0,"damage_taken":13.0,"cards_upgraded":["Strike_P","Eruption"]},{"damage_healed":0.0,"max_hp_gain":5.0,"max_hp_loss":0.0,"gold_gain":0.0,"event_name":"Big Fish","player_choice":"Donut","floor":5.0,"gold_loss":0.0,"damage_taken":0.0},{"damage_healed":0.0,"max_hp_gain":0.0,"max_hp_loss":0.0,"gold_gain":0.0,"event_name":"Scrap Ooze","player_choice":"Success","floor":13.0,"gold_loss":0.0,"damage_taken":3.0,"relics_obtained":["Sundial"]},{"cards_removed":["Strike_P"],"damage_healed":0.0,"max_hp_gain":0.0,"max_hp_loss":0.0,"gold_gain":0.0,"event_name":"Back to Basics","player_choice":"Elegance","floor":19.0,"gold_loss":0.0,"damage_taken":0.0},{"damage_healed":0.0,"max_hp_gain":0.0,"max_hp_loss":0.0,"gold_gain":0.0,"event_name":"The Mausoleum","player_choice":"Opened","floor":22.0,"gold_loss":0.0,"damage_taken":0.0,"relics_obtained":["Toy Ornithopter"],"cards_obtained":["Writhe"]},{"damage_healed":0.0,"max_hp_gain":0.0,"max_hp_loss":0.0,"gold_gain":0.0,"event_name":"N\u0027loth","player_choice":"Traded Relic","floor":27.0,"relics_lost":["CeramicFish"],"gold_loss":0.0,"damage_taken":0.0,"relics_obtained":["Nloth\u0027s Gift"]},{"cards_removed":["Halt"],"damage_healed":0.0,"max_hp_gain":0.0,"max_hp_loss":0.0,"gold_gain":0.0,"event_name":"Falling","player_choice":"Removed Skill","floor":36.0,"gold_loss":0.0,"damage_taken":0.0},{"damage_healed":0.0,"max_hp_gain":0.0,"max_hp_loss":0.0,"gold_gain":0.0,"event_name":"Winding Halls","player_choice":"Embrace Madness","floor":38.0,"gold_loss":0.0,"damage_taken":9.0,"cards_obtained":["Madness","Madness"]}],"is_beta":false,"boss_relics":[{"not_picked":["Velvet Choker","SlaversCollar"],"picked":"Empty Cage"},{"not_picked":["Cursed Key","Coffee Dripper"],"picked":"Calling Bell"}],"items_purged_floors":[12,31],"is_endless":false,"potions_floor_spawned":[1,10,16,18,24,29],"killed_by":"Jaw Worm Horde","ascension_level":8}