{"gold_per_floor":[115,115,65,83,98,124,199,226,226,77,91,104,115,130,130,230,230,247,247,263,57,75,108,108,136,136,168,186,186,213,231,231,326,326,343,343,360,360,260,260,313,313,313,188,216,216,567,584,584,584],"floor_reached":51,"playtime":3426,"items_purged":["Defend_P","Strike_P","Defend_P"],"score":1327,"play_id":"2b43ad7b-e263-4395-9422-7bda16555a86","local_time":"20211022234054","is_ascension_mode":true,"campfire_choices":[{"data":"DeusExMachina","floor":15.0,"key":"SMITH"},{"data":"Omniscience","floor":32.0,"key":"SMITH"},{"data":"Eruption","floor":40.0,"key":"SMITH"},{"data":"PathToVictory","floor":46.0,"key":"SMITH"},{"floor":49.0,"key":"REST"}],"neow_cost":"CURSE","seed_source_timestamp":1109654047227897,"circlet_count":0,"master_deck":["Defend_P","Eruption+1","Vigilance","FearNoEvil","PathToVictory+1","DeusExMachina+1","PathToVictory","Crescendo","Sanctity","BowlingBash+1","PathToVictory","EmptyMind","Omniscience+1","CutThroughFate+1","Ghostly+1","Ghostly","Ghostly","Ghostly","Ghostly","PathToVictory","Vault+1","PathToVictory","Alpha","Sanctity","Adaptation","LessonLearned","Meditate","Brilliance+1","Purity+1","Impatience","Discovery","Wallop","PathToVictory+1"],"special_seed":0,"relics":["PureWater","Thread and Needle","InkBottle","Damaru","Yang","VioletLotus","GoldenEye","Girya","Shuriken","Ornamental Fan","Bottled Flame","SlaversCollar","Juzu Bracelet","Torii","Whetstone","Old Coin"],"potions_floor_usage":[50],"damage_taken":[{"damage":1.0,"enemies":"2 Louse","floor":1.0,"turns":3.0},{"damage":0.0,"enemies":"Small Slimes","floor":4.0,"turns":3.0},{"damage":0.0,"enemies":"Jaw Worm","floor":5.0,"turns":3.0},{"damage":13.0,"enemies":"3 Sentries","floor":6.0,"turns":7.0},{"damage":0.0,"enemies":"Lagavulin","floor":8.0,"turns":4.0},{"damage":1.0,"enemies":"Exordium Wildlife","floor":11.0,"turns":3.0},{"damage":0.0,"enemies":"Lots of Slimes","floor":12.0,"turns":3.0},{"damage":0.0,"enemies":"Large Slime","floor":13.0,"turns":2.0},{"damage":0.0,"enemies":"2 Fungi Beasts","floor":14.0,"turns":2.0},{"damage":6.0,"enemies":"Hexaghost","floor":16.0,"turns":7.0},{"damage":9.0,"enemies":"Spheric Guardian","floor":18.0,"turns":4.0},{"damage":0.0,"enemies":"Shell Parasite","floor":20.0,"turns":4.0},{"damage":0.0,"enemies":"Shelled Parasite and Fungi","floor":22.0,"turns":5.0},{"damage":0.0,"enemies":"Slavers","floor":23.0,"turns":5.0},{"damage":0.0,"enemies":"Gremlin Leader","floor":25.0,"turns":5.0},{"damage":0.0,"enemies":"Slavers","floor":27.0,"turns":4.0},{"damage":0.0,"enemies":"Cultist and Chosen","floor":28.0,"turns":4.0},{"damage":0.0,"enemies":"Book of Stabbing","floor":30.0,"turns":5.0},{"damage":0.0,"enemies":"Snake Plant","floor":31.0,"turns":4.0},{"damage":15.0,"enemies":"Automaton","floor":33.0,"turns":8.0},{"damage":0.0,"enemies":"Orb Walker","floor":35.0,"turns":5.0},{"damage":0.0,"enemies":"3 Shapes","floor":37.0,"turns":4.0},{"damage":0.0,"enemies":"Reptomancer","floor":45.0,"turns":6.0},{"damage":0.0,"enemies":"2 Orb Walkers","floor":47.0,"turns":6.0},{"damage":0.0,"enemies":"Sphere and 2 Shapes","floor":48.0,"turns":5.0},{"damage":25,"enemies":"Time Eater","floor":50,"turns":7}],"seed_played":"1909336668654579599","potions_obtained":[{"floor":1.0,"key":"Energy Potion"},{"floor":4.0,"key":"SneckoOil"},{"floor":8.0,"key":"ColorlessPotion"},{"floor":16.0,"key":"DistilledChaos"},{"floor":23.0,"key":"BottledMiracle"},{"floor":27.0,"key":"PowerPotion"},{"floor":31.0,"key":"StancePotion"},{"floor":33.0,"key":"CultistPotion"},{"floor":35.0,"key":"Swift Potion"},{"floor":47.0,"key":"DuplicationPotion"}],"is_trial":false,"path_per_floor":["M","?","?","M","M","E","?","E","T","$","M","M","M","M","R","B",null,"M","?","M","$","M","E","?","E","T","E","M","?","E","M","R","B",null,"M","?","M","?","$","R","T","?","T","$","E","R","?","M","R","B",null],"character_chosen":"WATCHER","items_purchased":["Sanctity","PathToVictory","Vault"],"campfire_rested":1,"item_purchase_floors":[10,21,21],"current_hp_per_floor":[64,64,64,64,64,51,40,40,40,40,39,39,39,39,39,33,62,53,36,36,36,36,36,36,36,36,36,36,36,36,36,36,21,32,32,32,32,22,22,22,22,22,22,22,22,22,22,22,32,7],"gold":584,"neow_bonus":"ONE_RARE_RELIC","is_prod":false,"is_daily":false,"chose_seed":false,"campfire_upgraded":4,"win_rate":0,"timestamp":1634917254,"path_taken":["M","?","?","M","M","E","?","E","T","$","?","?","M","M","R","BOSS","M","?","M","$","M","E","?","E","T","E","?","?","E","M","R","BOSS","M","?","?","?","$","R","?","?","T","$","E","R","?","M","R","BOSS"],"build_version":"2020-12-13","purchased_purges":3,"victory":true,"max_hp_per_floor":[72,72,72,72,72,72,72,72,72,72,72,72,72,72,72,72,72,72,36,36,36,36,36,36,36,36,36,36,36,36,36,36,36,36,36,36,36,36,36,36,36,36,36,36,36,36,36,36,36,36],"card_choices":[{"not_picked":["Worship","ClearTheMind"],"picked":"FearNoEvil","floor":1.0},{"not_picked":["Prostrate","Weave"],"picked":"PathToVictory","floor":4.0},{"not_picked":["Wireheading","EmptyFist"],"picked":"DeusExMachina","floor":5.0},{"not_picked":["Crescendo","BowlingBash"],"picked":"PathToVictory","floor":6.0},{"not_picked":["InnerPeace","JustLucky"],"picked":"Crescendo","floor":8.0},{"not_picked":["ClearTheMind","MentalFortress"],"picked":"BowlingBash","floor":11.0},{"not_picked":["WheelKick","DeceiveReality","Crescendo"],"picked":"SKIP","floor":12.0},{"not_picked":["Protect","Fasting2"],"picked":"PathToVictory","floor":13.0},{"not_picked":["Devotion","Sanctity"],"picked":"EmptyMind","floor":14.0},{"not_picked":["Scrawl","MasterReality"],"picked":"Omniscience","floor":16.0},{"not_picked":["Swivel+1","EmptyBody"],"picked":"CutThroughFate+1","floor":18.0},{"not_picked":["FlurryOfBlows","SashWhip","WindmillStrike"],"picked":"SKIP","floor":20.0},{"not_picked":["Protect","EmptyFist"],"picked":"PathToVictory","floor":22.0},{"not_picked":["Crescendo+1","ThirdEye","Protect"],"picked":"SKIP","floor":23.0},{"not_picked":["Crescendo+1","ThirdEye","Protect"],"picked":"SKIP","floor":23.0},{"not_picked":["Study","Wireheading"],"picked":"Alpha","floor":25.0},{"not_picked":["EmptyBody","Judgement"],"picked":"Sanctity","floor":27.0},{"not_picked":["FlyingSleeves","SashWhip","Fasting2"],"picked":"SKIP","floor":28.0},{"not_picked":["Sanctity","ThirdEye+1","Tantrum"],"picked":"SKIP","floor":30.0},{"not_picked":["Prostrate+1","Conclude+1"],"picked":"Meditate","floor":31.0},{"not_picked":["DeusExMachina","Vault"],"picked":"Brilliance","floor":33.0},{"not_picked":["FlyingSleeves","Study+1","ThirdEye+1"],"picked":"SKIP","floor":35.0},{"not_picked":["SashWhip+1","FlurryOfBlows","LikeWater"],"picked":"SKIP","floor":37.0},{"not_picked":["Dramatic Entrance","Metamorphosis"],"picked":"Purity","floor":38.0},{"not_picked":["Secret Weapon","Enlightenment"],"picked":"Impatience","floor":38.0},{"not_picked":["Trip","Forethought"],"picked":"Discovery","floor":38.0},{"not_picked":["Protect+1","FlurryOfBlows"],"picked":"Wallop","floor":45.0},{"not_picked":["FlurryOfBlows","FollowUp"],"picked":"PathToVictory+1","floor":48.0}],"player_experience":168649,"relics_obtained":[{"floor":6.0,"key":"InkBottle"},{"floor":8.0,"key":"Damaru"},{"floor":9.0,"key":"Yang"},{"floor":23.0,"key":"GoldenEye"},{"floor":25.0,"key":"Girya"},{"floor":26.0,"key":"Shuriken"},{"floor":27.0,"key":"Ornamental Fan"},{"floor":30.0,"key":"Bottled Flame"},{"floor":41.0,"key":"Juzu Bracelet"},{"floor":43.0,"key":"Torii"},{"floor":45.0,"key":"Whetstone"},{"floor":47.0,"key":"Old Coin"}],"event_choices":[{"damage_healed":0.0,"max_hp_gain":0.0,"max_hp_loss":0.0,"gold_gain":0.0,"event_name":"Shining Light","player_choice":"Ignored","floor":2.0,"gold_loss":0.0,"damage_taken":0.0},{"cards_removed":["Clumsy"],"damage_healed":0.0,"max_hp_gain":0.0,"max_hp_loss":0.0,"gold_gain":0.0,"event_name":"The Cleric","player_choice":"Card Removal","floor":3.0,"gold_loss":50.0,"damage_taken":0.0},{"damage_healed":0.0,"max_hp_gain":0.0,"max_hp_loss":0.0,"gold_gain":75.0,"event_name":"World of Goop","player_choice":"Gather Gold","floor":7.0,"gold_loss":0.0,"damage_taken":11.0},{"damage_healed":0.0,"max_hp_gain":0.0,"max_hp_loss":36.0,"gold_gain":0.0,"event_name":"Ghosts","player_choice":"Became a Ghost","floor":19.0,"gold_loss":0.0,"damage_taken":0.0,"cards_obtained":["Ghostly","Ghostly","Ghostly","Ghostly","Ghostly"]},{"cards_removed":["Strike_P"],"damage_healed":0.0,"max_hp_gain":0.0,"max_hp_loss":0.0,"gold_gain":0.0,"event_name":"Wheel of Change","player_choice":"Card Removal","floor":24.0,"gold_loss":0.0,"damage_taken":0.0},{"damage_healed":0.0,"max_hp_gain":0.0,"max_hp_loss":0.0,"gold_gain":0.0,"cards_transformed":["Strike_P","Defend_P"],"event_name":"Drug Dealer","player_choice":"Became Test Subject","floor":29.0,"gold_loss":0.0,"damage_taken":0.0,"cards_obtained":["Adaptation","LessonLearned"]},{"cards_removed":["Strike_P"],"damage_healed":0.0,"max_hp_gain":0.0,"max_hp_loss":0.0,"gold_gain":0.0,"event_name":"Purifier","player_choice":"Purged","floor":36.0,"gold_loss":0.0,"damage_taken":0.0},{"damage_healed":0.0,"max_hp_gain":0.0,"max_hp_loss":0.0,"gold_gain":0.0,"event_name":"SensoryStone","player_choice":"Memory 3","floor":38.0,"gold_loss":0.0,"damage_taken":10.0},{"damage_healed":0.0,"max_hp_gain":0.0,"max_hp_loss":0.0,"gold_gain":0.0,"event_name":"SecretPortal","player_choice":"Ignored","floor":42.0,"gold_loss":0.0,"damage_taken":0.0},{"damage_healed":0.0,"max_hp_gain":0.0,"max_hp_loss":0.0,"gold_gain":0.0,"event_name":"Mysterious Sphere","player_choice":"Fight","floor":47.0,"gold_loss":0.0,"damage_taken":0.0}],"is_beta":false,"boss_relics":[{"not_picked":["Velvet Choker","Astrolabe"],"picked":"VioletLotus"},{"not_picked":["Pandora\u0027s Box","Snecko Eye"],"picked":"SlaversCollar"}],"items_purged_floors":[10,39,44],"is_endless":false,"potions_floor_spawned":[1,4,8,16,23,27,30,31,33,35,47],"ascension_level":7}