{"gold_per_floor":[117,136,136,153,153,153,153,153,177,188,220,240,240,240,240,314,314,334,334,334,259,259,259],"floor_reached":23,"playtime":575,"items_purged":["Shame"],"score":399,"play_id":"5cce94d3-bd2b-4528-bb86-3b88fec697fe","local_time":"20211031200010","is_ascension_mode":true,"campfire_choices":[{"data":"Eruption","floor":6.0,"key":"SMITH"},{"data":"Vigilance","floor":8.0,"key":"SMITH"},{"floor":13.0,"key":"REST"},{"floor":15.0,"key":"REST"}],"neow_cost":"NONE","seed_source_timestamp":467704190717874,"circlet_count":0,"master_deck":["AscendersBane","Strike_P","Strike_P","Strike_P","Defend_P","Defend_P","Defend_P","Eruption+1","Vigilance+1","FollowUp","FearNoEvil","ThirdEye","ConjureBlade","Evaluate"],"special_seed":0,"relics":["Busted Crown","Bag of Marbles","Juzu Bracelet","Black Star","Mango"],"potions_floor_usage":[23,23,23],"damage_taken":[{"damage":9.0,"enemies":"2 Louse","floor":1.0,"turns":2.0},{"damage":0.0,"enemies":"Small Slimes","floor":2.0,"turns":2.0},{"damage":2.0,"enemies":"Jaw Worm","floor":4.0,"turns":4.0},{"damage":8.0,"enemies":"Blue Slaver","floor":10.0,"turns":2.0},{"damage":27.0,"enemies":"Lagavulin","floor":11.0,"turns":6.0},{"damage":5.0,"enemies":"Exordium Thugs","floor":12.0,"turns":3.0},{"damage":29.0,"enemies":"Slime Boss","floor":16.0,"turns":10.0},{"damage":14.0,"enemies":"Spheric Guardian","floor":18.0,"turns":4.0},{"damage":88,"enemies":"Slavers","floor":23,"turns":4}],"seed_played":"6827267041374628422","potions_obtained":[{"floor":4.0,"key":"BottledMiracle"},{"floor":10.0,"key":"EntropicBrew"},{"floor":14.0,"key":"Regen Potion"}],"is_trial":false,"path_per_floor":["M","M","?","M","?","R","?","R","T","M","E","M","R","?","R","B",null,"M","?","?","$","?","E"],"character_chosen":"WATCHER","items_purchased":[],"campfire_rested":2,"item_purchase_floors":[],"current_hp_per_floor":[52,52,57,55,55,55,48,48,48,40,13,8,29,29,50,21,60,46,60,60,60,47,0],"gold":259,"neow_bonus":"BOSS_RELIC","is_prod":false,"is_daily":false,"chose_seed":false,"campfire_upgraded":2,"win_rate":0,"timestamp":1635681610,"path_taken":["M","M","?","M","?","R","?","R","T","?","E","M","R","?","R","BOSS","M","?","?","$","?","E"],"build_version":"2020-12-13","purchased_purges":1,"victory":false,"max_hp_per_floor":[68,68,73,73,73,73,73,73,73,73,73,73,73,73,73,73,73,73,87,87,87,87,87],"card_choices":[{"not_picked":[],"picked":"FollowUp","floor":1.0},{"not_picked":["PathToVictory"],"picked":"SKIP","floor":2.0},{"not_picked":["PathToVictory"],"picked":"SKIP","floor":4.0},{"not_picked":[],"picked":"FearNoEvil","floor":10.0},{"not_picked":[],"picked":"ThirdEye","floor":11.0},{"not_picked":["Collect"],"picked":"SKIP","floor":12.0},{"not_picked":[],"picked":"ConjureBlade","floor":16.0},{"not_picked":[],"picked":"Evaluate","floor":18.0}],"player_experience":219808,"relics_obtained":[{"floor":9.0,"key":"Bag of Marbles"},{"floor":11.0,"key":"Juzu Bracelet"}],"event_choices":[{"damage_healed":0.0,"max_hp_gain":5.0,"max_hp_loss":0.0,"gold_gain":0.0,"event_name":"Big Fish","player_choice":"Donut","floor":3.0,"gold_loss":0.0,"damage_taken":0.0},{"cards_removed":["Defend_P"],"damage_healed":0.0,"max_hp_gain":0.0,"max_hp_loss":0.0,"gold_gain":0.0,"event_name":"Living Wall","player_choice":"Forget","floor":5.0,"gold_loss":0.0,"damage_taken":0.0},{"cards_removed":["Strike_P"],"damage_healed":0.0,"max_hp_gain":0.0,"max_hp_loss":0.0,"gold_gain":0.0,"event_name":"Golden Wing","player_choice":"Card Removal","floor":7.0,"gold_loss":0.0,"damage_taken":7.0},{"damage_healed":0.0,"max_hp_gain":0.0,"max_hp_loss":0.0,"gold_gain":0.0,"event_name":"Lab","player_choice":"Got Potions","floor":14.0,"gold_loss":0.0,"damage_taken":0.0},{"damage_healed":0,"gold_gain":0,"player_choice":"Stole Relic","damage_taken":0,"relics_obtained":["Mango"],"max_hp_gain":0,"max_hp_loss":0,"event_name":"Addict","floor":19,"gold_loss":0,"cards_obtained":["Shame"]},{"damage_healed":0,"gold_gain":0,"player_choice":"Ignored","damage_taken":0,"max_hp_gain":0,"max_hp_loss":0,"event_name":"Vampires","floor":20,"gold_loss":0},{"damage_healed":0,"gold_gain":0,"player_choice":"Damaged","damage_taken":13,"max_hp_gain":0,"max_hp_loss":0,"event_name":"Wheel of Change","floor":22,"gold_loss":0}],"is_beta":false,"boss_relics":[{"not_picked":["Sozu","Tiny House"],"picked":"Black Star"}],"items_purged_floors":[21],"is_endless":false,"potions_floor_spawned":[4,10,11,16,18],"killed_by":"Slavers","ascension_level":20}