{"gold_per_floor":[118,118,131,56,74,99,99,130,130,130,165,175,175,192,192,266,266,285,285,299,317,4,4,15,25,48,66,66,66,66,84,84,157,157,177,177,177,193,193,193,218,14,14,25,25,44,44,61,61,61],"floor_reached":50,"playtime":2502,"items_purged":["Strike_P"],"score":865,"play_id":"b6321e53-b057-4e69-86fe-144ca7e49158","local_time":"20211030130731","is_ascension_mode":true,"campfire_choices":[{"floor":7.0,"key":"REST"},{"floor":10.0,"key":"REST"},{"data":"Eruption","floor":13.0,"key":"SMITH"},{"floor":15.0,"key":"REST"},{"data":"Pray","floor":23.0,"key":"SMITH"},{"data":"Adaptation","floor":30.0,"key":"SMITH"},{"data":"EmptyFist","floor":32.0,"key":"SMITH"},{"data":"Scrawl","floor":40.0,"key":"SMITH"},{"data":"Adaptation","floor":45.0,"key":"SMITH"},{"data":"Brilliance","floor":49.0,"key":"SMITH"}],"neow_cost":"PERCENT_DAMAGE","seed_source_timestamp":0,"circlet_count":0,"master_deck":["AscendersBane","Strike_P","Defend_P+1","Defend_P","Eruption+1","Vigilance","Crescendo+1","Protect","Adaptation+1","Consecrate","SandsOfTime","Scrawl+1","EmptyFist+1","Pray+1","Perseverance+1","Halt","ClearTheMind","DeceiveReality","Consecrate","Indignation+1","Establishment","BowlingBash","FlurryOfBlows","Worship","Brilliance+1","Adaptation+1","Wireheading+1","Madness","FearNoEvil"],"special_seed":0,"relics":["PureWater","War Paint","Darkstone Periapt","Anchor","Nunchaku","Coffee Dripper","Bird Faced Urn","MealTicket","Smiling Mask","Runic Pyramid","TeardropLocket","Torii"],"potions_floor_usage":[50,50],"damage_taken":[{"damage":0.0,"enemies":"Small Slimes","floor":1.0,"turns":3.0},{"damage":0.0,"enemies":"Jaw Worm","floor":3.0,"turns":3.0},{"damage":0.0,"enemies":"Cultist","floor":5.0,"turns":3.0},{"damage":39.0,"enemies":"Gremlin Nob","floor":6.0,"turns":4.0},{"damage":24.0,"enemies":"Lagavulin","floor":8.0,"turns":7.0},{"damage":9.0,"enemies":"3 Sentries","floor":11.0,"turns":5.0},{"damage":0.0,"enemies":"Exordium Wildlife","floor":12.0,"turns":3.0},{"damage":6.0,"enemies":"Lots of Slimes","floor":14.0,"turns":4.0},{"damage":27.0,"enemies":"The Guardian","floor":16.0,"turns":9.0},{"damage":0.0,"enemies":"Spheric Guardian","floor":18.0,"turns":3.0},{"damage":4.0,"enemies":"2 Thieves","floor":20.0,"turns":3.0},{"damage":13.0,"enemies":"Snake Plant","floor":21.0,"turns":5.0},{"damage":11.0,"enemies":"Centurion and Healer","floor":24.0,"turns":5.0},{"damage":0.0,"enemies":"Snecko","floor":25.0,"turns":3.0},{"damage":0.0,"enemies":"3 Cultists","floor":27.0,"turns":4.0},{"damage":0.0,"enemies":"Cultist and Chosen","floor":31.0,"turns":3.0},{"damage":27.0,"enemies":"Champ","floor":33.0,"turns":9.0},{"damage":2.0,"enemies":"3 Darklings","floor":35.0,"turns":6.0},{"damage":16.0,"enemies":"3 Shapes","floor":38.0,"turns":3.0},{"damage":40.0,"enemies":"Nemesis","floor":41.0,"turns":7.0},{"damage":15.0,"enemies":"Spire Growth","floor":44.0,"turns":4.0},{"damage":19.0,"enemies":"3 Darklings","floor":46.0,"turns":3.0},{"damage":0.0,"enemies":"4 Shapes","floor":48.0,"turns":3.0},{"damage":27,"enemies":"Awakened One","floor":50,"turns":4}],"seed_played":"-9197803089594889689","potions_obtained":[{"floor":1.0,"key":"SpeedPotion"},{"floor":8.0,"key":"Explosive Potion"},{"floor":16.0,"key":"Fire Potion"},{"floor":21.0,"key":"SpeedPotion"},{"floor":25.0,"key":"BottledMiracle"},{"floor":27.0,"key":"GamblersBrew"},{"floor":44.0,"key":"BottledMiracle"},{"floor":46.0,"key":"Swift Potion"}],"is_trial":false,"path_per_floor":["M","?","M","$","M","E","R","E","T","R","E","M","R","M","R","B",null,"M","?","M","M","$","R","M","M","T","M","?","?","R","M","R","B",null,"M","?","?","M","?","R","E","$","T","M","R","M","?","M","R","B"],"character_chosen":"WATCHER","items_purchased":["Bird Faced Urn","Brilliance","Adaptation"],"campfire_rested":3,"item_purchase_floors":[22,42,42],"current_hp_per_floor":[43,48,48,48,48,9,30,6,6,27,18,18,18,12,33,6,56,56,56,52,39,39,39,30,32,32,34,34,40,40,42,42,17,64,66,66,66,52,52,52,16,31,31,22,22,7,7,15,15,0],"gold":61,"neow_bonus":"REMOVE_TWO","is_prod":false,"is_daily":false,"chose_seed":false,"campfire_upgraded":7,"win_rate":0,"timestamp":1635570451,"path_taken":["M","?","M","?","M","E","R","E","T","R","E","M","R","?","R","BOSS","M","?","M","?","$","R","M","M","T","M","?","?","R","M","R","BOSS","M","?","?","?","?","R","E","$","T","M","R","M","?","M","R","BOSS"],"build_version":"2020-12-13","purchased_purges":1,"victory":false,"max_hp_per_floor":[68,73,73,73,73,73,73,73,73,73,73,73,73,73,73,73,73,73,73,73,73,73,73,73,73,73,73,73,79,79,79,79,79,79,79,79,79,79,79,79,79,79,79,79,79,79,79,79,79,79],"card_choices":[{"not_picked":["JustLucky","PathToVictory"],"picked":"Crescendo","floor":1.0},{"not_picked":["ThirdEye","EmptyBody"],"picked":"Protect","floor":3.0},{"not_picked":["Wireheading","ThirdEye","SashWhip"],"picked":"SKIP","floor":5.0},{"not_picked":["Swivel","CarveReality"],"picked":"Adaptation","floor":6.0},{"not_picked":["EmptyBody","Crescendo"],"picked":"Consecrate","floor":8.0},{"not_picked":["Halt","Wireheading"],"picked":"SandsOfTime","floor":11.0},{"not_picked":["ClearTheMind","SignatureMove"],"picked":"Scrawl","floor":12.0},{"not_picked":["Consecrate","ClearTheMind"],"picked":"EmptyFist","floor":14.0},{"not_picked":["ForeignInfluence","SandsOfTime"],"picked":"EmptyBody","floor":18.0},{"not_picked":["LikeWater","Conclude","CrushJoints"],"picked":"SKIP","floor":20.0},{"not_picked":["FlyingSleeves","EmptyFist","SignatureMove"],"picked":"SKIP","floor":21.0},{"not_picked":["ClearTheMind","BowlingBash"],"picked":"Perseverance+1","floor":24.0},{"not_picked":["Protect","Weave+1"],"picked":"Halt","floor":25.0},{"not_picked":["Consecrate","EmptyBody"],"picked":"ClearTheMind","floor":27.0},{"not_picked":["JustLucky","BattleHymn"],"picked":"Indignation+1","floor":31.0},{"not_picked":["Judgement","SpiritShield"],"picked":"Establishment","floor":33.0},{"not_picked":["EmptyFist","DeceiveReality"],"picked":"BowlingBash","floor":35.0},{"not_picked":["InnerPeace","Indignation"],"picked":"FlurryOfBlows","floor":38.0},{"not_picked":["CrushJoints","SignatureMove"],"picked":"Worship","floor":41.0},{"not_picked":["Fasting2","EmptyFist","Halt"],"picked":"SKIP","floor":44.0},{"not_picked":["Evaluate+1","ClearTheMind+1"],"picked":"Wireheading+1","floor":46.0},{"not_picked":["Trip","HandOfGreed"],"picked":"Madness","floor":47.0},{"not_picked":["Perseverance+1","EmptyFist"],"picked":"FearNoEvil","floor":48.0}],"player_experience":198600,"relics_obtained":[{"floor":6.0,"key":"War Paint"},{"floor":8.0,"key":"Darkstone Periapt"},{"floor":9.0,"key":"Anchor"},{"floor":11.0,"key":"Nunchaku"},{"floor":26.0,"key":"MealTicket"},{"floor":41.0,"key":"TeardropLocket"},{"floor":43.0,"key":"Torii"}],"event_choices":[{"damage_healed":0.0,"max_hp_gain":5.0,"max_hp_loss":0.0,"gold_gain":0.0,"event_name":"Big Fish","player_choice":"Donut","floor":2.0,"gold_loss":0.0,"damage_taken":0.0},{"damage_healed":0.0,"max_hp_gain":0.0,"max_hp_loss":0.0,"gold_gain":0.0,"event_name":"Match and Keep!","player_choice":"1 cards matched","floor":19.0,"gold_loss":0.0,"damage_taken":0.0,"cards_obtained":["Pray"]},{"damage_healed":0.0,"max_hp_gain":0.0,"max_hp_loss":0.0,"gold_gain":0.0,"cards_transformed":["EmptyBody","Strike_P"],"event_name":"Drug Dealer","player_choice":"Became Test Subject","floor":28.0,"gold_loss":0.0,"damage_taken":0.0,"cards_obtained":["DeceiveReality","Consecrate"]},{"damage_healed":0.0,"max_hp_gain":0.0,"max_hp_loss":0.0,"gold_gain":0.0,"event_name":"Addict","player_choice":"Stole Relic","floor":29.0,"gold_loss":0.0,"damage_taken":0.0,"relics_obtained":["Smiling Mask"],"cards_obtained":["Shame"]},{"cards_removed":["Strike_P"],"damage_healed":0.0,"max_hp_gain":0.0,"max_hp_loss":0.0,"gold_gain":0.0,"event_name":"Falling","player_choice":"Removed Attack","floor":36.0,"gold_loss":0.0,"damage_taken":0.0},{"cards_removed":["Shame"],"damage_healed":0.0,"max_hp_gain":0.0,"max_hp_loss":0.0,"gold_gain":0.0,"event_name":"Fountain of Cleansing","player_choice":"Removed Curses","floor":37.0,"gold_loss":0.0,"damage_taken":0.0},{"damage_healed":0.0,"max_hp_gain":0.0,"max_hp_loss":0.0,"gold_gain":0.0,"event_name":"Tomb of Lord Red Mask","player_choice":"Ignored","floor":39.0,"gold_loss":0.0,"damage_taken":0.0},{"damage_healed":0.0,"max_hp_gain":0.0,"max_hp_loss":0.0,"gold_gain":0.0,"event_name":"SensoryStone","player_choice":"Memory 1","floor":47.0,"gold_loss":0.0,"damage_taken":0.0}],"is_beta":false,"boss_relics":[{"not_picked":["Runic Dome","Pandora\u0027s Box"],"picked":"Coffee Dripper"},{"not_picked":["Tiny House","Snecko Eye"],"picked":"Runic Pyramid"}],"items_purged_floors":[4],"is_endless":false,"potions_floor_spawned":[1,8,16,21,25,27,44,46],"killed_by":"Awakened One","ascension_level":15}