{"gold_per_floor":[99,99,99,99,99,99,99,19,19,19,19,19,19,0,0,0,0,0,0,0,0,0,0],"floor_reached":23,"playtime":646,"items_purged":[],"score":426,"play_id":"e0bec8b7-3668-42fa-96f4-35370091b180","local_time":"20211031141301","is_ascension_mode":true,"campfire_choices":[{"data":"Eruption","floor":7.0,"key":"SMITH"},{"data":"Ragnarok","floor":10.0,"key":"SMITH"},{"data":"TalkToTheHand","floor":15.0,"key":"SMITH"}],"neow_cost":"NONE","seed_source_timestamp":458705468748460,"circlet_count":0,"master_deck":["AscendersBane","Strike_P","Strike_P","Strike_P","Defend_P","Defend_P","Defend_P","Defend_P","Eruption+1","Vigilance","TalkToTheHand+1","BowlingBash","Adaptation","Crescendo","Ragnarok+1","Wish","Wallop","EmptyFist","ClearTheMind","Devotion","CurseOfTheBell","Consecrate","TalkToTheHand+1"],"special_seed":0,"relics":["Ectoplasm","Unceasing Top","StoneCalendar","CloakClasp","Odd Mushroom","Calling Bell","Ancient Tea Set","Eternal Feather","Torii"],"potions_floor_usage":[23,23,23,23],"damage_taken":[{"damage":0.0,"enemies":"Jaw Worm","floor":1.0,"turns":3.0},{"damage":0.0,"enemies":"Cultist","floor":3.0,"turns":3.0},{"damage":0.0,"enemies":"Small Slimes","floor":5.0,"turns":3.0},{"damage":8.0,"enemies":"Gremlin Nob","floor":6.0,"turns":3.0},{"damage":0.0,"enemies":"Lagavulin","floor":11.0,"turns":4.0},{"damage":0.0,"enemies":"3 Louse","floor":12.0,"turns":1.0},{"damage":0.0,"enemies":"The Mushroom Lair","floor":13.0,"turns":2.0},{"damage":0.0,"enemies":"Looter","floor":14.0,"turns":2.0},{"damage":16.0,"enemies":"Hexaghost","floor":16.0,"turns":5.0},{"damage":14.0,"enemies":"Chosen","floor":18.0,"turns":4.0},{"damage":16.0,"enemies":"Shell Parasite","floor":22.0,"turns":7.0},{"damage":44,"enemies":"Gremlin Leader","floor":23,"turns":2}],"seed_played":"2419183821582437189","potions_obtained":[{"floor":3.0,"key":"SpeedPotion"},{"floor":11.0,"key":"Regen Potion"},{"floor":16.0,"key":"EntropicBrew"}],"is_trial":false,"path_per_floor":["M","?","M","?","M","E","R","$","T","R","E","M","?","M","R","B",null,"M","?","?","?","M","E"],"character_chosen":"WATCHER","items_purchased":["Ragnarok"],"campfire_rested":0,"item_purchase_floors":[8],"current_hp_per_floor":[61,61,61,61,61,53,53,53,53,53,53,53,53,53,53,37,60,46,46,46,46,30,0],"gold":0,"neow_bonus":"BOSS_RELIC","is_prod":false,"is_daily":false,"chose_seed":false,"campfire_upgraded":3,"win_rate":0,"timestamp":1635660781,"path_taken":["M","?","?","?","M","E","R","$","T","R","E","M","?","M","R","BOSS","M","?","?","?","?","E"],"build_version":"2020-12-13","purchased_purges":0,"victory":false,"max_hp_per_floor":[68,68,68,68,68,68,68,68,68,68,68,68,68,68,68,68,68,68,68,68,68,68,68],"card_choices":[{"not_picked":["Crescendo","Evaluate"],"picked":"TalkToTheHand","floor":1.0},{"not_picked":["CutThroughFate","MentalFortress"],"picked":"BowlingBash","floor":3.0},{"not_picked":["Conclude","JustLucky"],"picked":"Adaptation","floor":5.0},{"not_picked":["ClearTheMind","JustLucky"],"picked":"Crescendo","floor":6.0},{"not_picked":["Swivel","ClearTheMind"],"picked":"Wish","floor":11.0},{"not_picked":["FearNoEvil","Protect"],"picked":"Wallop","floor":12.0},{"not_picked":["EmptyBody","FlurryOfBlows"],"picked":"EmptyFist","floor":13.0},{"not_picked":["Protect","CrushJoints"],"picked":"ClearTheMind","floor":14.0},{"not_picked":["ConjureBlade","SpiritShield"],"picked":"Devotion","floor":16.0},{"not_picked":["PathToVictory","JustLucky"],"picked":"Consecrate","floor":18.0},{"not_picked":["Halt+1","Fasting2"],"picked":"TalkToTheHand+1","floor":22.0}],"player_experience":213377,"relics_obtained":[{"floor":6.0,"key":"Unceasing Top"},{"floor":9.0,"key":"StoneCalendar"},{"floor":11.0,"key":"CloakClasp"},{"floor":13.0,"key":"Odd Mushroom"},{"floor":17.0,"key":"Ancient Tea Set"},{"floor":17.0,"key":"Eternal Feather"},{"floor":17.0,"key":"Torii"}],"event_choices":[{"damage_healed":0.0,"max_hp_gain":0.0,"max_hp_loss":0.0,"gold_gain":0.0,"event_name":"Golden Shrine","player_choice":"Ignored","floor":2.0,"gold_loss":0.0,"damage_taken":0.0},{"damage_healed":0.0,"max_hp_gain":0.0,"max_hp_loss":0.0,"gold_gain":0.0,"event_name":"Golden Idol","player_choice":"Ignored","floor":4.0,"gold_loss":0.0,"damage_taken":0.0},{"damage_healed":0.0,"max_hp_gain":0.0,"max_hp_loss":0.0,"gold_gain":0.0,"event_name":"Mushrooms","player_choice":"Fought Mushrooms","floor":13.0,"gold_loss":0.0,"damage_taken":0.0},{"damage_healed":0.0,"max_hp_gain":0.0,"max_hp_loss":0.0,"gold_gain":0.0,"event_name":"The Mausoleum","player_choice":"Ignored","floor":19.0,"gold_loss":0.0,"damage_taken":0.0},{"damage_healed":0.0,"max_hp_gain":0.0,"max_hp_loss":0.0,"gold_gain":0.0,"event_name":"Ghosts","player_choice":"Ignored","floor":20.0,"gold_loss":0.0,"damage_taken":0.0},{"cards_removed":["Strike_P"],"damage_healed":0.0,"max_hp_gain":0.0,"max_hp_loss":0.0,"gold_gain":0.0,"event_name":"Back to Basics","player_choice":"Elegance","floor":21.0,"gold_loss":0.0,"damage_taken":0.0}],"is_beta":false,"boss_relics":[{"not_picked":["Coffee Dripper","Black Star"],"picked":"Calling Bell"}],"items_purged_floors":[],"is_endless":false,"potions_floor_spawned":[3,11,14,16],"killed_by":"Gremlin Leader","ascension_level":18}