{"gold_per_floor":[115,125,125,144,144,169,169,169,246,22,22,40,215,215,215,316,316,336,351,178,178,103,130,142,142,142,177,177,190,190,204,204,306,306,326,326,341,357,232,284,298,331,382,382,457,457,521,521,521,521],"floor_reached":51,"playtime":1574,"items_purged":["Defend_P","Doubt","Defend_P"],"score":1469,"play_id":"02c741ce-65f5-4a37-84fa-8192be5c1e79","local_time":"20211025224429","is_ascension_mode":true,"campfire_choices":[{"data":"Vigilance","floor":7.0,"key":"SMITH"},{"data":"Ragnarok","floor":15.0,"key":"SMITH"},{"data":"Ragnarok","floor":25.0,"key":"SMITH"},{"data":"DeusExMachina","floor":28.0,"key":"SMITH"},{"data":"SandsOfTime","floor":30.0,"key":"SMITH"},{"data":"Consecrate","floor":32.0,"key":"SMITH"},{"data":"Wish","floor":44.0,"key":"SMITH"},{"data":"Protect","floor":49.0,"key":"SMITH"}],"neow_cost":"NONE","seed_source_timestamp":64345442852009,"circlet_count":0,"master_deck":["AscendersBane","Strike_P","Strike_P+1","Strike_P","Defend_P","Eruption+1","Vigilance+1","Protect+1","TalkToTheHand+1","Consecrate+1","SandsOfTime+1","Ragnarok+1","Scrawl","DeusExMachina+1","Ragnarok+1","FearNoEvil","Wish+1","Omniscience","Indignation"],"special_seed":0,"relics":["PureWater","Regal Pillow","Pantograph","Vajra","Question Card","Snecko Eye","Gambling Chip","Unceasing Top","PreservedInsect","Busted Crown","StoneCalendar","Orichalcum","Centennial Puzzle","Torii","Lizard Tail"],"potions_floor_usage":[],"damage_taken":[{"damage":5.0,"enemies":"Small Slimes","floor":1.0,"turns":3.0},{"damage":0.0,"enemies":"Cultist","floor":2.0,"turns":3.0},{"damage":8.0,"enemies":"Jaw Worm","floor":4.0,"turns":3.0},{"damage":5.0,"enemies":"3 Sentries","floor":6.0,"turns":5.0},{"damage":3.0,"enemies":"2 Fungi Beasts","floor":12.0,"turns":3.0},{"damage":4.0,"enemies":"The Guardian","floor":16.0,"turns":8.0},{"damage":7.0,"enemies":"3 Byrds","floor":18.0,"turns":4.0},{"damage":0.0,"enemies":"Shell Parasite","floor":19.0,"turns":3.0},{"damage":1.0,"enemies":"Book of Stabbing","floor":23.0,"turns":3.0},{"damage":0.0,"enemies":"Centurion and Healer","floor":24.0,"turns":2.0},{"damage":0.0,"enemies":"Gremlin Leader","floor":27.0,"turns":1.0},{"damage":0.0,"enemies":"Snake Plant","floor":29.0,"turns":1.0},{"damage":0.0,"enemies":"Sentry and Sphere","floor":31.0,"turns":1.0},{"damage":1.0,"enemies":"Champ","floor":33.0,"turns":4.0},{"damage":0.0,"enemies":"Orb Walker","floor":35.0,"turns":1.0},{"damage":15.0,"enemies":"3 Shapes","floor":37.0,"turns":3.0},{"damage":3.0,"enemies":"Writhing Mass","floor":38.0,"turns":2.0},{"damage":0.0,"enemies":"Giant Head","floor":40.0,"turns":4.0},{"damage":0.0,"enemies":"Sphere and 2 Shapes","floor":41.0,"turns":1.0},{"damage":0.0,"enemies":"Reptomancer","floor":42.0,"turns":1.0},{"damage":0.0,"enemies":"2 Orb Walkers","floor":45.0,"turns":1.0},{"damage":0.0,"enemies":"Giant Head","floor":47.0,"turns":5.0},{"damage":0,"enemies":"Time Eater","floor":50,"turns":1}],"seed_played":"8499512257271944793","potions_obtained":[{"floor":2.0,"key":"SpeedPotion"},{"floor":4.0,"key":"Strength Potion"},{"floor":16.0,"key":"Ancient Potion"},{"floor":24.0,"key":"GamblersBrew"},{"floor":27.0,"key":"Fruit Juice"},{"floor":31.0,"key":"Block Potion"},{"floor":33.0,"key":"StancePotion"}],"is_trial":false,"path_per_floor":["M","M","?","M","?","E","R","$","T","$","?","M","?","?","R","B",null,"M","M","$","?","?","E","M","R","T","E","R","M","R","M","R","B",null,"M","?","M","M","$","E","M","E","T","R","?","?","E","?","R","B",null],"character_chosen":"WATCHER","items_purchased":["Ragnarok","DeusExMachina"],"campfire_rested":0,"item_purchase_floors":[10,20],"current_hp_per_floor":[60,60,60,52,38,33,33,33,33,33,33,30,30,27,27,48,66,59,59,59,59,59,58,58,58,58,58,58,58,58,63,63,76,77,77,77,62,59,59,59,59,59,59,59,59,59,59,59,59,73],"gold":521,"neow_bonus":"UPGRADE_CARD","is_prod":false,"is_daily":false,"chose_seed":false,"campfire_upgraded":8,"win_rate":0,"timestamp":1635173069,"path_taken":["M","M","?","?","?","E","R","$","T","$","?","?","?","?","R","BOSS","M","M","$","?","?","E","M","R","T","E","R","M","R","M","R","BOSS","M","?","M","M","$","E","M","E","T","R","?","?","E","?","R","BOSS"],"build_version":"2020-12-13","purchased_purges":3,"victory":true,"max_hp_per_floor":[72,72,72,72,72,72,72,72,72,72,72,72,72,72,72,72,72,72,72,72,72,72,72,72,72,72,72,72,72,72,77,77,77,77,77,77,77,77,77,77,77,77,77,77,77,77,77,73,73,73],"card_choices":[{"not_picked":["CutThroughFate","Conclude"],"picked":"Protect","floor":1.0},{"not_picked":["Wireheading","Evaluate"],"picked":"TalkToTheHand","floor":2.0},{"not_picked":["ThirdEye","DeceiveReality"],"picked":"Consecrate","floor":4.0},{"not_picked":["WindmillStrike","Conclude"],"picked":"SandsOfTime","floor":6.0},{"not_picked":["FollowUp","DeceiveReality","WindmillStrike"],"picked":"SKIP","floor":12.0},{"not_picked":["Devotion","Alpha","Wish"],"picked":"Scrawl","floor":16.0},{"not_picked":["SashWhip","Evaluate","PathToVictory","ForeignInfluence"],"picked":"SKIP","floor":18.0},{"not_picked":["DeceiveReality","ForeignInfluence","SashWhip+1","Halt"],"picked":"SKIP","floor":19.0},{"not_picked":["EmptyBody","Halt","ThirdEye","Judgement"],"picked":"SKIP","floor":23.0},{"not_picked":["FlurryOfBlows","WindmillStrike","Weave"],"picked":"FearNoEvil","floor":24.0},{"not_picked":["EmptyBody","Evaluate","Worship","WaveOfTheHand"],"picked":"SKIP","floor":27.0},{"not_picked":["PathToVictory","BowlingBash","Collect","BattleHymn"],"picked":"SKIP","floor":29.0},{"not_picked":["MentalFortress","Halt","ForeignInfluence","PathToVictory"],"picked":"SKIP","floor":31.0},{"not_picked":["LessonLearned","Brilliance","SpiritShield"],"picked":"Wish","floor":33.0},{"not_picked":["Conclude"],"picked":"WreathOfFlame","floor":35.0},{"not_picked":["PathToVictory","CutThroughFate"],"picked":"SKIP","floor":37.0},{"not_picked":["CutThroughFate","DeceiveReality"],"picked":"SKIP","floor":38.0},{"not_picked":["SashWhip"],"picked":"Omniscience","floor":40.0},{"not_picked":["Evaluate+1","PathToVictory"],"picked":"SKIP","floor":41.0},{"not_picked":["Brilliance","EmptyFist"],"picked":"SKIP","floor":42.0},{"not_picked":["SashWhip"],"picked":"Indignation","floor":47.0}],"player_experience":192321,"relics_obtained":[{"floor":6.0,"key":"Regal Pillow"},{"floor":9.0,"key":"Pantograph"},{"floor":23.0,"key":"Gambling Chip"},{"floor":26.0,"key":"Unceasing Top"},{"floor":27.0,"key":"PreservedInsect"},{"floor":40.0,"key":"StoneCalendar"},{"floor":42.0,"key":"Orichalcum"},{"floor":43.0,"key":"Centennial Puzzle"},{"floor":45.0,"key":"Torii"},{"floor":47.0,"key":"Lizard Tail"}],"event_choices":[{"cards_removed":["Defend_P"],"damage_healed":0.0,"max_hp_gain":0.0,"max_hp_loss":0.0,"gold_gain":0.0,"event_name":"Purifier","player_choice":"Purged","floor":3.0,"gold_loss":0.0,"damage_taken":0.0},{"damage_healed":0.0,"max_hp_gain":0.0,"max_hp_loss":0.0,"gold_gain":0.0,"event_name":"Shining Light","player_choice":"Entered Light","floor":5.0,"gold_loss":0.0,"damage_taken":14.0,"cards_upgraded":["TalkToTheHand","Strike_P"]},{"damage_healed":0.0,"max_hp_gain":0.0,"max_hp_loss":0.0,"gold_gain":0.0,"event_name":"WeMeetAgain","player_choice":"Gave Potion","floor":11.0,"gold_loss":0.0,"damage_taken":0.0,"relics_obtained":["Vajra"]},{"damage_healed":0.0,"max_hp_gain":0.0,"max_hp_loss":0.0,"gold_gain":175.0,"event_name":"Liars Game","player_choice":"AGREE","floor":13.0,"gold_loss":0.0,"damage_taken":0.0,"cards_obtained":["Doubt"]},{"damage_healed":0.0,"max_hp_gain":0.0,"max_hp_loss":0.0,"gold_gain":0.0,"event_name":"Scrap Ooze","player_choice":"Success","floor":14.0,"gold_loss":0.0,"damage_taken":3.0,"relics_obtained":["Question Card"]},{"damage_healed":0.0,"max_hp_gain":0.0,"max_hp_loss":0.0,"gold_gain":0.0,"event_name":"The Library","player_choice":"Read","floor":21.0,"gold_loss":0.0,"damage_taken":0.0,"cards_obtained":["Ragnarok"]},{"cards_removed":["Strike_P"],"damage_healed":0.0,"max_hp_gain":0.0,"max_hp_loss":0.0,"gold_gain":0.0,"event_name":"Beggar","player_choice":"Gave Gold","floor":22.0,"gold_loss":75.0,"damage_taken":0.0},{"damage_healed":0.0,"max_hp_gain":0.0,"max_hp_loss":0.0,"gold_gain":0.0,"event_name":"Tomb of Lord Red Mask","player_choice":"Ignored","floor":36.0,"gold_loss":0.0,"damage_taken":0.0},{"damage_healed":0.0,"max_hp_gain":0.0,"max_hp_loss":0.0,"gold_gain":0.0,"event_name":"Mysterious Sphere","player_choice":"Fight","floor":45.0,"gold_loss":0.0,"damage_taken":0.0},{"cards_removed":["WreathOfFlame"],"damage_healed":0.0,"max_hp_gain":0.0,"max_hp_loss":0.0,"gold_gain":0.0,"event_name":"Falling","player_choice":"Removed Skill","floor":46.0,"gold_loss":0.0,"damage_taken":0.0},{"damage_healed":0.0,"max_hp_gain":0.0,"max_hp_loss":4.0,"gold_gain":0.0,"event_name":"Winding Halls","player_choice":"Max HP","floor":48.0,"gold_loss":0.0,"damage_taken":0.0}],"is_beta":false,"boss_relics":[{"not_picked":["VioletLotus","Runic Pyramid"],"picked":"Snecko Eye"},{"not_picked":["SacredBark","Fusion Hammer"],"picked":"Busted Crown"}],"items_purged_floors":[10,20,39],"is_endless":false,"potions_floor_spawned":[2,4,16,24,27,31,33,35,37,38,45,47],"ascension_level":12}