{"gold_per_floor":[110,110,35,53,53,88,88,113,113,113,139,150,150,150,150,240,240,265,286,53,53,53,88,88,126,153,153],"floor_reached":27,"playtime":1040,"items_purged":["Strike_P"],"score":490,"play_id":"71fc0f58-83a7-46a5-bb00-cdfed1bf4bf4","local_time":"20211031110747","is_ascension_mode":true,"campfire_choices":[{"floor":7.0,"key":"REST"},{"floor":10.0,"key":"REST"},{"floor":15.0,"key":"REST"},{"floor":24.0,"key":"REST"}],"neow_cost":"NONE","seed_source_timestamp":447343774994838,"circlet_count":0,"master_deck":["AscendersBane","Strike_P","Strike_P","Defend_P","Defend_P","Eruption+1","Vigilance","EmptyFist","Protect","TalkToTheHand","Brilliance","Crescendo","Adaptation","Vault","Consecrate","Wallop","Perseverance"],"special_seed":0,"relics":["PureWater","Boot","Bag of Preparation","Pear","Potion Belt","Golden Idol","Black Star","Lantern","Juzu Bracelet","Ancient Tea Set","Anchor","Prayer Wheel","Vajra"],"potions_floor_usage":[27],"damage_taken":[{"damage":13.0,"enemies":"Jaw Worm","floor":1.0,"turns":6.0},{"damage":8.0,"enemies":"2 Louse","floor":4.0,"turns":2.0},{"damage":32.0,"enemies":"Gremlin Nob","floor":6.0,"turns":4.0},{"damage":19.0,"enemies":"3 Sentries","floor":8.0,"turns":9.0},{"damage":24.0,"enemies":"Lagavulin","floor":11.0,"turns":4.0},{"damage":0.0,"enemies":"Small Slimes","floor":12.0,"turns":2.0},{"damage":43.0,"enemies":"Slime Boss","floor":16.0,"turns":11.0},{"damage":0.0,"enemies":"Spheric Guardian","floor":18.0,"turns":2.0},{"damage":3.0,"enemies":"3 Byrds","floor":19.0,"turns":3.0},{"damage":17.0,"enemies":"Book of Stabbing","floor":23.0,"turns":4.0},{"damage":42.0,"enemies":"Slavers","floor":25.0,"turns":8.0},{"damage":18,"enemies":"Book of Stabbing","floor":27,"turns":4}],"seed_played":"-8239474218474274614","potions_obtained":[{"floor":1.0,"key":"LiquidBronze"},{"floor":4.0,"key":"Dexterity Potion"},{"floor":12.0,"key":"Block Potion"},{"floor":16.0,"key":"LiquidBronze"},{"floor":18.0,"key":"SneckoOil"},{"floor":25.0,"key":"Swift Potion"}],"is_trial":false,"path_per_floor":["M","?","?","M","$","E","R","E","T","R","E","M","?","?","R","B",null,"M","M","$","?","?","E","R","E","T","E"],"character_chosen":"WATCHER","items_purchased":["Lantern"],"campfire_rested":4,"item_purchase_floors":[20],"current_hp_per_floor":[48,53,53,45,45,13,34,15,25,49,25,25,25,25,47,4,57,57,54,54,54,54,37,59,17,17,0],"gold":153,"neow_bonus":"UPGRADE_CARD","is_prod":false,"is_daily":false,"chose_seed":false,"campfire_upgraded":0,"win_rate":0,"timestamp":1635649667,"path_taken":["M","?","?","M","$","E","R","E","T","R","E","M","?","?","R","BOSS","M","M","$","?","?","E","R","E","T","E"],"build_version":"2020-12-13","purchased_purges":1,"victory":false,"max_hp_per_floor":[68,73,73,73,73,73,73,73,83,83,83,83,83,75,75,75,75,75,75,75,75,75,75,75,75,75,75],"card_choices":[{"not_picked":["BowlingBash","ThirdEye"],"picked":"EmptyFist","floor":1.0},{"not_picked":["ThirdEye","WheelKick"],"picked":"Protect","floor":4.0},{"not_picked":["BowlingBash","SandsOfTime"],"picked":"TalkToTheHand","floor":6.0},{"not_picked":["ReachHeaven","FollowUp"],"picked":"Brilliance","floor":8.0},{"not_picked":["FlurryOfBlows","Evaluate"],"picked":"Crescendo","floor":11.0},{"not_picked":["FearNoEvil","Collect"],"picked":"Adaptation","floor":12.0},{"not_picked":["Ragnarok","Judgement"],"picked":"Vault","floor":16.0},{"not_picked":["SashWhip","Halt+1"],"picked":"Consecrate","floor":18.0},{"not_picked":["JustLucky","FollowUp","CrushJoints"],"picked":"SKIP","floor":19.0},{"not_picked":["Crescendo","SashWhip","JustLucky"],"picked":"SKIP","floor":23.0},{"not_picked":["Crescendo+1","Pray"],"picked":"Perseverance","floor":25.0}],"player_experience":207869,"relics_obtained":[{"floor":6.0,"key":"Boot"},{"floor":8.0,"key":"Bag of Preparation"},{"floor":9.0,"key":"Pear"},{"floor":11.0,"key":"Potion Belt"},{"floor":23.0,"key":"Juzu Bracelet"},{"floor":23.0,"key":"Ancient Tea Set"},{"floor":25.0,"key":"Anchor"},{"floor":25.0,"key":"Prayer Wheel"},{"floor":26.0,"key":"Vajra"}],"event_choices":[{"damage_healed":0.0,"max_hp_gain":5.0,"max_hp_loss":0.0,"gold_gain":0.0,"event_name":"Big Fish","player_choice":"Donut","floor":2.0,"gold_loss":0.0,"damage_taken":0.0},{"cards_removed":["Defend_P"],"damage_healed":0.0,"max_hp_gain":0.0,"max_hp_loss":0.0,"gold_gain":0.0,"event_name":"The Cleric","player_choice":"Card Removal","floor":3.0,"gold_loss":75.0,"damage_taken":0.0},{"damage_healed":0.0,"max_hp_gain":0.0,"max_hp_loss":0.0,"gold_gain":0.0,"event_name":"Liars Game","player_choice":"Ignored","floor":13.0,"gold_loss":0.0,"damage_taken":0.0},{"damage_healed":0.0,"max_hp_gain":0.0,"max_hp_loss":8.0,"gold_gain":0.0,"event_name":"Golden Idol","player_choice":"Lose Max HP","floor":14.0,"gold_loss":0.0,"damage_taken":0.0,"relics_obtained":["Golden Idol"]},{"cards_removed":["Defend_P"],"damage_healed":0.0,"max_hp_gain":0.0,"max_hp_loss":0.0,"gold_gain":0.0,"event_name":"Back to Basics","player_choice":"Elegance","floor":21.0,"gold_loss":0.0,"damage_taken":0.0},{"damage_healed":0.0,"max_hp_gain":0.0,"max_hp_loss":0.0,"gold_gain":0.0,"cards_transformed":["Strike_P"],"event_name":"Transmorgrifier","player_choice":"Transformed","floor":22.0,"gold_loss":0.0,"damage_taken":0.0,"cards_obtained":["Wallop"]}],"is_beta":false,"boss_relics":[{"not_picked":["Runic Dome","Empty Cage"],"picked":"Black Star"}],"items_purged_floors":[20],"is_endless":false,"potions_floor_spawned":[1,4,12,16,18,25],"killed_by":"Book of Stabbing","ascension_level":17}