{"gold_per_floor":[116,116,135,135,135,171,187,202,252,266,148,181,206,237,237,336,336,359,52,77,77,98,98,142,166,218,248,260],"floor_reached":28,"playtime":905,"items_purged":["Strike_P","Strike_P"],"score":624,"play_id":"ae559bc0-4943-47f0-bc1e-65ab13af3aba","local_time":"20211031203245","is_ascension_mode":true,"campfire_choices":[{"floor":15.0,"key":"REST"},{"floor":23.0,"key":"REST"}],"neow_cost":"NONE","seed_source_timestamp":469242822112995,"circlet_count":0,"master_deck":["AscendersBane","Strike_P","Strike_P+1","Defend_P","Defend_P","Defend_P","Defend_P","Eruption+1","Vigilance+1","SandsOfTime","EmptyFist","Crescendo+1","Ragnarok+1","Tantrum","DeusExMachina","CurseOfTheBell","Wallop","Prepared","Feel No Pain+1","FearNoEvil"],"special_seed":0,"relics":["Philosopher\u0027s Stone","Golden Idol","Singing Bowl","Strawberry","Art of War","Smiling Mask","War Paint","Calling Bell","Potion Belt","Matryoshka","Lizard Tail","PrismaticShard","Pocketwatch","Toy Ornithopter","MawBank"],"potions_floor_usage":[],"damage_taken":[{"damage":8.0,"enemies":"Jaw Worm","floor":1.0,"turns":3.0},{"damage":1.0,"enemies":"Small Slimes","floor":3.0,"turns":3.0},{"damage":12.0,"enemies":"3 Sentries","floor":6.0,"turns":5.0},{"damage":6.0,"enemies":"2 Louse","floor":7.0,"turns":2.0},{"damage":2.0,"enemies":"Red Slaver","floor":8.0,"turns":2.0},{"damage":2.0,"enemies":"2 Fungi Beasts","floor":10.0,"turns":3.0},{"damage":0.0,"enemies":"Gremlin Nob","floor":12.0,"turns":2.0},{"damage":0.0,"enemies":"Exordium Wildlife","floor":13.0,"turns":2.0},{"damage":0.0,"enemies":"3 Sentries","floor":14.0,"turns":4.0},{"damage":42.0,"enemies":"The Guardian","floor":16.0,"turns":7.0},{"damage":7.0,"enemies":"Spheric Guardian","floor":18.0,"turns":3.0},{"damage":26.0,"enemies":"Chosen","floor":20.0,"turns":3.0},{"damage":24.0,"enemies":"Snake Plant","floor":22.0,"turns":3.0},{"damage":21.0,"enemies":"Book of Stabbing","floor":24.0,"turns":3.0},{"damage":45.0,"enemies":"Centurion and Healer","floor":25.0,"turns":3.0},{"damage":17.0,"enemies":"Shelled Parasite and Fungi","floor":27.0,"turns":2.0},{"damage":15,"enemies":"Snake Plant","floor":28,"turns":2}],"seed_played":"-2233987562824994965","potions_obtained":[{"floor":1.0,"key":"Block Potion"},{"floor":7.0,"key":"AttackPotion"},{"floor":12.0,"key":"StancePotion"},{"floor":20.0,"key":"SteroidPotion"},{"floor":24.0,"key":"GamblersBrew"},{"floor":25.0,"key":"DistilledChaos"}],"is_trial":false,"path_per_floor":["M","?","M","?","?","E","M","M","T","M","$","E","M","E","R","B",null,"M","$","M","?","M","R","E","M","T","M","M"],"character_chosen":"WATCHER","items_purchased":["Tantrum","PrismaticShard","Wallop"],"campfire_rested":2,"item_purchase_floors":[11,19,19],"current_hp_per_floor":[53,33,32,32,27,22,18,18,18,16,16,18,20,22,45,3,60,55,55,29,29,7,31,10,23,23,11,0],"gold":260,"neow_bonus":"BOSS_RELIC","is_prod":false,"is_daily":false,"chose_seed":false,"campfire_upgraded":0,"win_rate":0,"timestamp":1635683565,"path_taken":["M","?","M","?","?","E","M","M","T","M","$","E","M","E","R","BOSS","M","$","M","?","M","R","E","M","T","M","M"],"build_version":"2020-12-13","purchased_purges":2,"victory":false,"max_hp_per_floor":[68,68,68,62,62,69,71,73,73,73,73,75,77,79,79,79,79,81,81,81,81,83,83,83,85,85,85,85],"card_choices":[{"not_picked":["FlurryOfBlows","BowlingBash"],"picked":"SandsOfTime","floor":1.0},{"not_picked":["EmptyBody","FollowUp"],"picked":"EmptyFist","floor":3.0},{"not_picked":["CutThroughFate","Protect"],"picked":"Crescendo","floor":6.0},{"not_picked":["PathToVictory","FlyingSleeves","FlurryOfBlows"],"picked":"Singing Bowl","floor":7.0},{"not_picked":["CrushJoints","EmptyBody","EmptyFist"],"picked":"Singing Bowl","floor":8.0},{"not_picked":["Prostrate","PathToVictory"],"picked":"Ragnarok","floor":10.0},{"not_picked":["ClearTheMind","WreathOfFlame","SandsOfTime"],"picked":"Singing Bowl","floor":12.0},{"not_picked":["CrushJoints","CutThroughFate","Blasphemy"],"picked":"Singing Bowl","floor":13.0},{"not_picked":["LikeWater","Wireheading","JustLucky"],"picked":"Singing Bowl","floor":14.0},{"not_picked":["Wish","ConjureBlade"],"picked":"DeusExMachina","floor":16.0},{"not_picked":["PathToVictory","SashWhip","JustLucky"],"picked":"Singing Bowl","floor":18.0},{"not_picked":["True Grit","Study"],"picked":"Prepared","floor":20.0},{"not_picked":["Beam Cell","Fasting2","ThirdEye"],"picked":"Singing Bowl","floor":22.0},{"not_picked":["Inflame","Turbo"],"picked":"Feel No Pain+1","floor":24.0},{"not_picked":["BowlingBash","Catalyst","Enlightenment"],"picked":"Singing Bowl","floor":25.0},{"not_picked":["Evaluate","Discovery"],"picked":"FearNoEvil","floor":27.0}],"player_experience":220852,"relics_obtained":[{"floor":6.0,"key":"Strawberry"},{"floor":9.0,"key":"Art of War"},{"floor":12.0,"key":"Smiling Mask"},{"floor":14.0,"key":"War Paint"},{"floor":17.0,"key":"Potion Belt"},{"floor":17.0,"key":"Matryoshka"},{"floor":17.0,"key":"Lizard Tail"},{"floor":24.0,"key":"Pocketwatch"},{"floor":26.0,"key":"Toy Ornithopter"},{"floor":26.0,"key":"MawBank"}],"event_choices":[{"damage_healed":0.0,"max_hp_gain":0.0,"max_hp_loss":0.0,"gold_gain":0.0,"event_name":"Shining Light","player_choice":"Entered Light","floor":2.0,"gold_loss":0.0,"damage_taken":20.0,"cards_upgraded":["Eruption","Strike_P"]},{"damage_healed":0.0,"max_hp_gain":0.0,"max_hp_loss":6.0,"gold_gain":0.0,"event_name":"Golden Idol","player_choice":"Lose Max HP","floor":4.0,"gold_loss":0.0,"damage_taken":0.0,"relics_obtained":["Golden Idol"]},{"damage_healed":0.0,"max_hp_gain":0.0,"max_hp_loss":0.0,"gold_gain":0.0,"event_name":"Scrap Ooze","player_choice":"Success","floor":5.0,"gold_loss":0.0,"damage_taken":5.0,"relics_obtained":["Singing Bowl"]},{"damage_healed":0.0,"max_hp_gain":0.0,"max_hp_loss":0.0,"gold_gain":0.0,"event_name":"Upgrade Shrine","player_choice":"Upgraded","floor":21.0,"gold_loss":0.0,"damage_taken":0.0,"cards_upgraded":["Ragnarok"]}],"is_beta":false,"boss_relics":[{"not_picked":["SlaversCollar","Cursed Key"],"picked":"Calling Bell"}],"items_purged_floors":[11,19],"is_endless":false,"potions_floor_spawned":[1,7,12,20,24,25],"killed_by":"Snake Plant","ascension_level":20}