{"gold_per_floor":[118,43,193,193,207,207,237,256,325,54,67,67,99,117,117,194,194,206,220,220,220,220,246,246,278,278,278,203,78,110,125,125,200,200,217,237,87,87,137,170,170,90,116,143,162,179,192,0,0,0],"floor_reached":51,"playtime":1939,"items_purged":["Defend_P","Doubt","Pain","Strike_P"],"score":1458,"play_id":"ba8c46ce-c5f3-4322-8546-c4d99727ca61","local_time":"20211031145607","is_ascension_mode":true,"campfire_choices":[{"data":"Eruption","floor":6.0,"key":"SMITH"},{"data":"Crescendo","floor":12.0,"key":"SMITH"},{"floor":15.0,"key":"REST"},{"data":"Tantrum","floor":24.0,"key":"SMITH"},{"floor":27.0,"key":"REST"},{"floor":32.0,"key":"REST"},{"floor":41.0,"key":"REST"},{"data":"1","floor":49.0,"key":"LIFT"}],"neow_cost":"TEN_PERCENT_HP_LOSS","seed_source_timestamp":459538682016814,"circlet_count":0,"master_deck":["AscendersBane","Strike_P+1","Defend_P","Defend_P","Defend_P","Eruption+1","Vigilance","BattleHymn","CarveReality+1","EmptyFist","InnerPeace","Protect","Crescendo+1","Brilliance","Consecrate","Halt","Alpha","BowlingBash+1","Tantrum+1","Indignation","Brilliance","Pray","FearNoEvil","Evaluate+1","Scrawl+1","Study+1","Wallop","Adaptation","Shame","Clumsy","FlurryOfBlows+1","TalkToTheHand","EmptyMind+1"],"special_seed":0,"relics":["PureWater","Vajra","Prayer Wheel","Matryoshka","Damaru","Juzu Bracelet","Cursed Key","WarpedTongs","Whetstone","Girya","Bronze Scales","Toxic Egg 2","Regal Pillow","Fusion Hammer","MealTicket","Bag of Preparation","Toy Ornithopter","Nunchaku","Red Mask"],"potions_floor_usage":[50,50],"damage_taken":[{"damage":0.0,"enemies":"Cultist","floor":1.0,"turns":2.0},{"damage":0.0,"enemies":"Jaw Worm","floor":5.0,"turns":2.0},{"damage":15.0,"enemies":"Lagavulin","floor":7.0,"turns":5.0},{"damage":0.0,"enemies":"Small Slimes","floor":8.0,"turns":2.0},{"damage":10.0,"enemies":"Gremlin Gang","floor":11.0,"turns":4.0},{"damage":8.0,"enemies":"Gremlin Nob","floor":13.0,"turns":3.0},{"damage":0.0,"enemies":"Large Slime","floor":14.0,"turns":2.0},{"damage":0.0,"enemies":"Slime Boss","floor":16.0,"turns":3.0},{"damage":0.0,"enemies":"Chosen","floor":18.0,"turns":3.0},{"damage":7.0,"enemies":"3 Byrds","floor":19.0,"turns":3.0},{"damage":2.0,"enemies":"Slavers","floor":23.0,"turns":2.0},{"damage":27.0,"enemies":"Book of Stabbing","floor":25.0,"turns":4.0},{"damage":19.0,"enemies":"Gremlin Leader","floor":30.0,"turns":4.0},{"damage":0.0,"enemies":"Centurion and Healer","floor":31.0,"turns":4.0},{"damage":34.0,"enemies":"Collector","floor":33.0,"turns":7.0},{"damage":7.0,"enemies":"3 Shapes","floor":35.0,"turns":5.0},{"damage":0.0,"enemies":"Orb Walker","floor":36.0,"turns":1.0},{"damage":16.0,"enemies":"Reptomancer","floor":40.0,"turns":2.0},{"damage":11.0,"enemies":"Sphere and 2 Shapes","floor":45.0,"turns":4.0},{"damage":0.0,"enemies":"Spire Growth","floor":46.0,"turns":2.0},{"damage":0.0,"enemies":"Transient","floor":47.0,"turns":6.0},{"damage":52,"enemies":"Awakened One","floor":50,"turns":6}],"seed_played":"-4785823401503734310","potions_obtained":[{"floor":7.0,"key":"SneckoOil"},{"floor":8.0,"key":"BlessingOfTheForge"},{"floor":11.0,"key":"DuplicationPotion"},{"floor":31.0,"key":"Dexterity Potion"},{"floor":33.0,"key":"Strength Potion"},{"floor":45.0,"key":"AttackPotion"},{"floor":47.0,"key":"Swift Potion"}],"is_trial":false,"path_per_floor":["M","$","?","?","M","R","E","M","T","$","M","R","E","M","R","B",null,"M","M","?","?","?","E","R","E","T","R","?","$","E","M","R","B",null,"M","M","$","?","?","E","R","$","T","T","M","M","M","?","R","B",null],"character_chosen":"WATCHER","items_purchased":["Damaru","Adaptation"],"campfire_rested":4,"item_purchase_floors":[10,42],"current_hp_per_floor":[61,61,61,61,61,61,46,46,46,46,36,36,28,28,46,46,58,58,51,51,51,51,49,49,22,22,40,40,40,21,21,54,20,52,45,45,45,45,45,29,62,62,62,62,51,56,56,56,56,14],"gold":0,"neow_bonus":"TRANSFORM_TWO_CARDS","is_prod":false,"is_daily":false,"chose_seed":false,"campfire_upgraded":3,"win_rate":0,"timestamp":1635663367,"path_taken":["M","$","?","?","?","R","E","M","T","$","M","R","E","M","R","BOSS","M","M","?","?","?","E","R","E","T","R","?","$","E","M","R","BOSS","M","M","$","?","?","E","R","?","T","?","M","M","M","?","R","BOSS"],"build_version":"2020-12-13","purchased_purges":4,"victory":true,"max_hp_per_floor":[62,62,62,62,62,62,62,62,62,62,62,62,62,62,62,62,62,62,62,62,62,62,62,62,62,62,62,62,62,62,62,62,62,62,62,62,62,62,62,62,62,62,62,62,62,62,62,62,62,62],"card_choices":[{"not_picked":["JustLucky","Worship"],"picked":"EmptyFist","floor":1.0},{"not_picked":["CrushJoints","Perseverance"],"picked":"InnerPeace","floor":5.0},{"not_picked":["ThirdEye","EmptyFist"],"picked":"Protect","floor":7.0},{"not_picked":["JustLucky","CrushJoints"],"picked":"Crescendo","floor":8.0},{"not_picked":["EmptyBody","CrushJoints"],"picked":"Brilliance","floor":8.0},{"not_picked":["SashWhip","Protect"],"picked":"Consecrate","floor":11.0},{"not_picked":["Protect","CarveReality","PathToVictory"],"picked":"SKIP","floor":11.0},{"not_picked":["Wireheading","JustLucky"],"picked":"Meditate","floor":13.0},{"not_picked":["FollowUp","EmptyFist"],"picked":"Halt","floor":14.0},{"not_picked":["Collect","Consecrate","FlyingSleeves"],"picked":"SKIP","floor":14.0},{"not_picked":["DeusExMachina","Wish"],"picked":"Alpha","floor":16.0},{"not_picked":["Evaluate","CrushJoints"],"picked":"BowlingBash+1","floor":18.0},{"not_picked":["BowlingBash","Swivel","Halt"],"picked":"SKIP","floor":18.0},{"not_picked":["FlurryOfBlows","FollowUp"],"picked":"Tantrum","floor":19.0},{"not_picked":["FollowUp","Crescendo"],"picked":"Indignation","floor":19.0},{"not_picked":["Weave","MentalFortress","Protect"],"picked":"SKIP","floor":23.0},{"not_picked":["ThirdEye","FollowUp"],"picked":"Pray","floor":25.0},{"not_picked":["Study","SandsOfTime"],"picked":"FearNoEvil","floor":30.0},{"not_picked":["Perseverance+1","CutThroughFate"],"picked":"Evaluate+1","floor":31.0},{"not_picked":["Consecrate","ThirdEye+1","EmptyBody+1"],"picked":"SKIP","floor":31.0},{"not_picked":["Alpha+1","Blasphemy+1"],"picked":"Scrawl+1","floor":33.0},{"not_picked":["Vengeance+1","Protect+1","Prostrate+1"],"picked":"SKIP","floor":35.0},{"not_picked":["Crescendo+1","SignatureMove","PathToVictory+1"],"picked":"SKIP","floor":35.0},{"not_picked":["FollowUp","PathToVictory+1"],"picked":"Study+1","floor":36.0},{"not_picked":["Conclude","Protect+1","FearNoEvil+1"],"picked":"SKIP","floor":36.0},{"not_picked":["PathToVictory+1","CrushJoints","CutThroughFate"],"picked":"SKIP","floor":40.0},{"not_picked":["CutThroughFate+1","Judgement+1"],"picked":"FlurryOfBlows+1","floor":45.0},{"not_picked":["ThirdEye+1","CutThroughFate","EmptyFist"],"picked":"SKIP","floor":45.0},{"not_picked":["Vengeance+1","Tantrum"],"picked":"TalkToTheHand","floor":46.0},{"not_picked":["WindmillStrike","SashWhip"],"picked":"EmptyMind+1","floor":46.0},{"not_picked":["Halt+1","FlurryOfBlows+1","JustLucky"],"picked":"SKIP","floor":47.0},{"not_picked":["Protect+1","Vengeance+1","Halt+1"],"picked":"SKIP","floor":47.0}],"player_experience":214023,"relics_obtained":[{"floor":4.0,"key":"Vajra"},{"floor":7.0,"key":"Prayer Wheel"},{"floor":9.0,"key":"Matryoshka"},{"floor":13.0,"key":"Juzu Bracelet"},{"floor":23.0,"key":"Whetstone"},{"floor":25.0,"key":"Girya"},{"floor":26.0,"key":"Bronze Scales"},{"floor":26.0,"key":"Toxic Egg 2"},{"floor":30.0,"key":"Regal Pillow"},{"floor":40.0,"key":"MealTicket"},{"floor":43.0,"key":"Bag of Preparation"},{"floor":43.0,"key":"Toy Ornithopter"},{"floor":44.0,"key":"Nunchaku"}],"event_choices":[{"damage_healed":0.0,"max_hp_gain":0.0,"max_hp_loss":0.0,"gold_gain":150.0,"event_name":"Liars Game","player_choice":"AGREE","floor":3.0,"gold_loss":0.0,"damage_taken":0.0,"cards_obtained":["Doubt"]},{"damage_healed":0.0,"max_hp_gain":0.0,"max_hp_loss":0.0,"gold_gain":0.0,"event_name":"Wheel of Change","player_choice":"Relic","floor":4.0,"gold_loss":0.0,"damage_taken":0.0},{"damage_healed":0.0,"max_hp_gain":0.0,"max_hp_loss":0.0,"gold_gain":0.0,"event_name":"Duplicator","player_choice":"Copied","floor":20.0,"gold_loss":0.0,"damage_taken":0.0,"cards_obtained":["Brilliance"]},{"damage_healed":0.0,"max_hp_gain":0.0,"max_hp_loss":0.0,"gold_gain":0.0,"event_name":"Vampires","player_choice":"Ignored","floor":21.0,"gold_loss":0.0,"damage_taken":0.0},{"damage_healed":0.0,"max_hp_gain":0.0,"max_hp_loss":0.0,"gold_gain":0.0,"event_name":"Accursed Blacksmith","player_choice":"Rummage","floor":22.0,"gold_loss":0.0,"damage_taken":0.0,"relics_obtained":["WarpedTongs"],"cards_obtained":["Pain"]},{"cards_removed":["Pain"],"damage_healed":0.0,"max_hp_gain":0.0,"max_hp_loss":0.0,"gold_gain":0.0,"event_name":"Beggar","player_choice":"Gave Gold","floor":28.0,"gold_loss":75.0,"damage_taken":0.0},{"damage_healed":0.0,"max_hp_gain":0.0,"max_hp_loss":0.0,"gold_gain":0.0,"cards_transformed":["Meditate"],"event_name":"Transmorgrifier","player_choice":"Transformed","floor":38.0,"gold_loss":0.0,"damage_taken":0.0,"cards_obtained":["Wallop"]},{"damage_healed":0.0,"max_hp_gain":0.0,"max_hp_loss":0.0,"gold_gain":50.0,"event_name":"Golden Shrine","player_choice":"Pray","floor":39.0,"gold_loss":0.0,"damage_taken":0.0},{"damage_healed":0.0,"max_hp_gain":0.0,"max_hp_loss":0.0,"gold_gain":0.0,"event_name":"Tomb of Lord Red Mask","player_choice":"Paid","floor":48.0,"gold_loss":192.0,"damage_taken":0.0,"relics_obtained":["Red Mask"]}],"is_beta":false,"boss_relics":[{"not_picked":["Astrolabe","Coffee Dripper"],"picked":"Cursed Key"},{"not_picked":["HolyWater","Black Star"],"picked":"Fusion Hammer"}],"items_purged_floors":[2,10,29,37],"is_endless":false,"potions_floor_spawned":[7,8,11,14,18,31,33,45,47],"ascension_level":18}