{"gold_per_floor":[110,110,129,204,204,543,543,579,579,504,517,532,546,562,562,685,685,709,732,256,279,279,279,296,314,314,314,324,324,339,352,352,449,449,468,192,192,192,192,192,223,223,223,238,88,142,142,161,161,161],"floor_reached":51,"playtime":2316,"items_purged":["Defend_P","JustLucky","CutThroughFate","Pain"],"score":1207,"play_id":"72151bbf-aba6-423e-b7c6-dfb69c2dde5c","local_time":"20211024233021","is_ascension_mode":true,"campfire_choices":[{"data":"TalkToTheHand","floor":7.0,"key":"SMITH"},{"floor":15.0,"key":"REST"},{"floor":23.0,"key":"REST"},{"floor":29.0,"key":"REST"},{"floor":32.0,"key":"REST"},{"data":"Consecrate","floor":40.0,"key":"SMITH"},{"data":"Alpha","floor":42.0,"key":"SMITH"},{"floor":49.0,"key":"REST"}],"neow_cost":"NONE","seed_source_timestamp":0,"circlet_count":0,"master_deck":["AscendersBane","Eruption+1","Vigilance","SandsOfTime","TalkToTheHand+1","CutThroughFate","Alpha+1","Adaptation","Protect","Consecrate+1","Omniscience","CarveReality","Omniscience","WreathOfFlame","Omniscience","Meditate","DevaForm","Sanctity","TalkToTheHand","InnerPeace","Crescendo+1","Omniscience","Indignation","Bandage Up","Creative AI","Study+1","Coolheaded+1"],"special_seed":0,"relics":["PureWater","NeowsBlessing","Old Coin","Ice Cream","Darkstone Periapt","Pandora\u0027s Box","Ginger","Nloth\u0027s Gift","HornCleat","Cursed Key","PrismaticShard","Dream Catcher","Akabeko","Lizard Tail"],"potions_floor_usage":[50],"damage_taken":[{"damage":0.0,"enemies":"2 Louse","floor":1.0,"turns":1.0},{"damage":0.0,"enemies":"Cultist","floor":3.0,"turns":1.0},{"damage":0.0,"enemies":"Gremlin Nob","floor":6.0,"turns":1.0},{"damage":21.0,"enemies":"3 Sentries","floor":8.0,"turns":10.0},{"damage":0.0,"enemies":"Jaw Worm","floor":11.0,"turns":3.0},{"damage":9.0,"enemies":"Large Slime","floor":12.0,"turns":3.0},{"damage":7.0,"enemies":"Exordium Wildlife","floor":13.0,"turns":4.0},{"damage":0.0,"enemies":"3 Louse","floor":14.0,"turns":4.0},{"damage":49.0,"enemies":"The Guardian","floor":16.0,"turns":9.0},{"damage":18.0,"enemies":"2 Thieves","floor":18.0,"turns":3.0},{"damage":0.0,"enemies":"Spheric Guardian","floor":19.0,"turns":1.0},{"damage":12.0,"enemies":"Cultist and Chosen","floor":21.0,"turns":5.0},{"damage":3.0,"enemies":"Chosen and Byrds","floor":24.0,"turns":6.0},{"damage":30.0,"enemies":"Snake Plant","floor":25.0,"turns":4.0},{"damage":0.0,"enemies":"Snecko","floor":28.0,"turns":3.0},{"damage":0.0,"enemies":"Centurion and Healer","floor":30.0,"turns":3.0},{"damage":0.0,"enemies":"Sentry and Sphere","floor":31.0,"turns":2.0},{"damage":38.0,"enemies":"Automaton","floor":33.0,"turns":6.0},{"damage":7.0,"enemies":"3 Shapes","floor":35.0,"turns":4.0},{"damage":9.0,"enemies":"Giant Head","floor":41.0,"turns":7.0},{"damage":0.0,"enemies":"3 Darklings","floor":44.0,"turns":1.0},{"damage":17.0,"enemies":"2 Orb Walkers","floor":46.0,"turns":3.0},{"damage":12.0,"enemies":"Writhing Mass","floor":48.0,"turns":3.0},{"damage":34,"enemies":"Time Eater","floor":50,"turns":6}],"seed_played":"8388237822435163175","potions_obtained":[{"floor":1.0,"key":"Dexterity Potion"},{"floor":12.0,"key":"Block Potion"},{"floor":14.0,"key":"Regen Potion"},{"floor":19.0,"key":"SpeedPotion"},{"floor":21.0,"key":"Explosive Potion"},{"floor":24.0,"key":"PowerPotion"},{"floor":27.0,"key":"EssenceOfSteel"},{"floor":27.0,"key":"Fire Potion"},{"floor":33.0,"key":"Ancient Potion"}],"is_trial":false,"path_per_floor":["M","?","M","?","?","E","R","E","T","$","M","M","M","M","R","B",null,"M","M","$","M","?","R","M","M","T","?","M","R","M","M","R","B",null,"M","$","?","T","?","R","E","R","T","M","$","?","$","M","R","B",null],"character_chosen":"WATCHER","items_purchased":["Ginger","Sanctity","PrismaticShard"],"campfire_rested":5,"item_purchase_floors":[20,20,36],"current_hp_per_floor":[65,65,65,54,54,54,54,33,33,33,33,24,17,17,37,3,51,33,33,33,21,21,41,38,8,8,8,8,28,28,28,48,10,53,46,46,46,52,52,52,47,47,47,47,47,34,34,22,43,13],"gold":161,"neow_bonus":"THREE_ENEMY_KILL","is_prod":false,"is_daily":false,"chose_seed":false,"campfire_upgraded":3,"win_rate":0,"timestamp":1635089421,"path_taken":["M","?","?","?","?","E","R","E","T","?","M","M","?","M","R","BOSS","M","M","$","M","?","R","?","M","T","?","M","R","M","M","R","BOSS","M","$","?","?","?","R","E","R","T","M","?","?","$","M","R","BOSS"],"build_version":"2020-12-13","purchased_purges":4,"victory":true,"max_hp_per_floor":[72,72,72,72,67,67,67,67,67,67,67,67,67,67,67,67,67,67,67,67,67,67,67,67,67,67,67,67,67,67,67,67,67,67,67,67,67,73,73,73,73,73,73,73,73,73,73,73,73,73],"card_choices":[{"not_picked":["WreathOfFlame","CutThroughFate"],"picked":"SandsOfTime","floor":1.0},{"not_picked":["Evaluate","Indignation"],"picked":"TalkToTheHand","floor":3.0},{"not_picked":["EmptyBody","SashWhip"],"picked":"CutThroughFate","floor":6.0},{"not_picked":["CarveReality","Perseverance"],"picked":"Alpha","floor":8.0},{"not_picked":["PathToVictory","FlurryOfBlows"],"picked":"Vengeance","floor":11.0},{"not_picked":["Prostrate","EmptyBody"],"picked":"Adaptation","floor":12.0},{"not_picked":["CrushJoints","Prostrate"],"picked":"Protect","floor":13.0},{"not_picked":["JustLucky","Conclude"],"picked":"Consecrate","floor":14.0},{"not_picked":["Wish","Devotion"],"picked":"Omniscience","floor":16.0},{"not_picked":["FlyingSleeves","Consecrate","FollowUp"],"picked":"SKIP","floor":18.0},{"not_picked":["Consecrate","EmptyFist+1"],"picked":"DevaForm","floor":19.0},{"not_picked":["FollowUp","Study"],"picked":"TalkToTheHand","floor":21.0},{"not_picked":["ClearTheMind+1","EmptyBody"],"picked":"InnerPeace","floor":24.0},{"not_picked":["Prostrate","Protect"],"picked":"Crescendo+1","floor":25.0},{"not_picked":["SashWhip","WreathOfFlame"],"picked":"Omniscience","floor":28.0},{"not_picked":["Meditate+1","Collect"],"picked":"Indignation","floor":30.0},{"not_picked":["LikeWater","Study","Crescendo+1"],"picked":"SKIP","floor":31.0},{"not_picked":["JustLucky","ForeignInfluence","Halt+1"],"picked":"SKIP","floor":35.0},{"not_picked":["Dark Shackles","Good Instincts"],"picked":"Bandage Up","floor":39.0},{"not_picked":["Conserve Battery+1","Master of Strategy"],"picked":"Creative AI","floor":41.0},{"not_picked":["Cleave+1","Underhanded Strike"],"picked":"Study+1","floor":44.0},{"not_picked":["PiercingWail+1","Leap"],"picked":"Coolheaded+1","floor":46.0},{"not_picked":["Clash+1","JustLucky+1","Backflip"],"picked":"SKIP","floor":48.0}],"player_experience":190005,"relics_obtained":[{"floor":6.0,"key":"Old Coin"},{"floor":8.0,"key":"Ice Cream"},{"floor":9.0,"key":"Darkstone Periapt"},{"floor":26.0,"key":"HornCleat"},{"floor":38.0,"key":"Dream Catcher"},{"floor":41.0,"key":"Akabeko"},{"floor":46.0,"key":"Lizard Tail"}],"event_choices":[{"damage_healed":0.0,"max_hp_gain":0.0,"max_hp_loss":0.0,"gold_gain":0.0,"event_name":"Upgrade Shrine","player_choice":"Upgraded","floor":2.0,"gold_loss":0.0,"damage_taken":0.0,"cards_upgraded":["Eruption"]},{"damage_healed":0.0,"max_hp_gain":0.0,"max_hp_loss":0.0,"gold_gain":75.0,"event_name":"World of Goop","player_choice":"Gather Gold","floor":4.0,"gold_loss":0.0,"damage_taken":11.0},{"damage_healed":0.0,"max_hp_gain":0.0,"max_hp_loss":5.0,"gold_gain":0.0,"event_name":"Golden Idol","player_choice":"Lose Max HP","floor":5.0,"gold_loss":0.0,"damage_taken":0.0,"relics_obtained":["Golden Idol"]},{"damage_healed":0.0,"max_hp_gain":0.0,"max_hp_loss":0.0,"gold_gain":0.0,"event_name":"N\u0027loth","player_choice":"Traded Relic","floor":22.0,"relics_lost":["Golden Idol"],"gold_loss":0.0,"damage_taken":0.0,"relics_obtained":["Nloth\u0027s Gift"]},{"damage_healed":0.0,"max_hp_gain":0.0,"max_hp_loss":0.0,"gold_gain":0.0,"event_name":"Lab","player_choice":"Got Potions","floor":27.0,"gold_loss":0.0,"damage_taken":0.0},{"cards_removed":["Vengeance"],"damage_healed":0.0,"max_hp_gain":0.0,"max_hp_loss":0.0,"gold_gain":0.0,"event_name":"Falling","player_choice":"Removed Skill","floor":37.0,"gold_loss":0.0,"damage_taken":0.0},{"damage_healed":0.0,"max_hp_gain":0.0,"max_hp_loss":0.0,"gold_gain":0.0,"event_name":"SensoryStone","player_choice":"Memory 1","floor":39.0,"gold_loss":0.0,"damage_taken":0.0},{"damage_healed":0.0,"max_hp_gain":0.0,"max_hp_loss":0.0,"gold_gain":0.0,"event_name":"Mysterious Sphere","player_choice":"Fight","floor":46.0,"gold_loss":0.0,"damage_taken":0.0}],"is_beta":false,"boss_relics":[{"not_picked":["HolyWater","Coffee Dripper"],"picked":"Pandora\u0027s Box"},{"not_picked":["Runic Pyramid","Fusion Hammer"],"picked":"Cursed Key"}],"items_purged_floors":[10,20,36,45],"is_endless":false,"potions_floor_spawned":[1,12,14,19,21,24,33,41],"ascension_level":11}