{"gold_per_floor":[212,212,137,151,170,170,181,81,151,151,26,43,43,54,54,125,125,125],"floor_reached":18,"playtime":657,"items_purged":["Decay","Defend_P","Strike_P"],"score":274,"play_id":"2a3c3f63-af3a-469b-9001-28344c3e52c4","local_time":"20211030212000","is_ascension_mode":true,"campfire_choices":[{"data":"Eruption","floor":6.0,"key":"SMITH"},{"data":"InnerPeace","floor":10.0,"key":"SMITH"},{"data":"Vigilance","floor":15.0,"key":"SMITH"}],"neow_cost":"NONE","seed_source_timestamp":0,"circlet_count":0,"master_deck":["AscendersBane","Strike_P","Strike_P","Defend_P","Defend_P","Eruption+1","Vigilance+1","InnerPeace+1","Consecrate","Crescendo","Indignation","Wish"],"special_seed":0,"relics":["PureWater","Darkstone Periapt","Empty Cage"],"potions_floor_usage":[],"damage_taken":[{"damage":0.0,"enemies":"Small Slimes","floor":1.0,"turns":4.0},{"damage":0.0,"enemies":"Cultist","floor":4.0,"turns":4.0},{"damage":0.0,"enemies":"2 Louse","floor":5.0,"turns":3.0},{"damage":20.0,"enemies":"Exordium Thugs","floor":7.0,"turns":6.0},{"damage":9.0,"enemies":"Blue Slaver","floor":12.0,"turns":4.0},{"damage":17.0,"enemies":"Large Slime","floor":14.0,"turns":5.0},{"damage":6.0,"enemies":"Hexaghost","floor":16.0,"turns":9.0},{"damage":15,"enemies":"3 Byrds","floor":18,"turns":3}],"seed_played":"-316868034644800578","potions_obtained":[{"floor":1.0,"key":"BlessingOfTheForge"},{"floor":14.0,"key":"Explosive Potion"},{"floor":16.0,"key":"BottledMiracle"}],"is_trial":false,"path_per_floor":["M","?","$","M","M","R","M","$","T","R","$","M","?","M","R","B",null,"M"],"character_chosen":"WATCHER","items_purchased":[],"campfire_rested":0,"item_purchase_floors":[],"current_hp_per_floor":[61,61,61,61,61,61,41,41,41,41,41,32,32,15,15,9,53,38],"gold":125,"neow_bonus":"HUNDRED_GOLD","is_prod":false,"is_daily":false,"chose_seed":false,"campfire_upgraded":3,"win_rate":0,"timestamp":1635600000,"path_taken":["M","?","?","?","?","R","M","$","T","R","$","M","?","M","R","BOSS","M"],"build_version":"2020-12-13","purchased_purges":3,"victory":false,"max_hp_per_floor":[68,68,68,68,68,68,68,68,68,68,68,68,68,68,68,68,68,68],"card_choices":[{"not_picked":["Meditate","WaveOfTheHand","CrushJoints"],"picked":"SKIP","floor":1.0},{"not_picked":["JustLucky","Perseverance"],"picked":"InnerPeace","floor":4.0},{"not_picked":["JustLucky","PathToVictory","FlyingSleeves"],"picked":"SKIP","floor":5.0},{"not_picked":["EmptyBody","InnerPeace"],"picked":"Consecrate","floor":7.0},{"not_picked":["WindmillStrike","Swivel"],"picked":"Crescendo","floor":12.0},{"not_picked":["Crescendo","Consecrate"],"picked":"Indignation","floor":14.0},{"not_picked":["ConjureBlade","Judgement"],"picked":"Wish","floor":16.0}],"player_experience":203487,"relics_obtained":[{"floor":9.0,"key":"Darkstone Periapt"}],"event_choices":[{"damage_healed":0.0,"max_hp_gain":0.0,"max_hp_loss":0.0,"gold_gain":0.0,"event_name":"Wheel of Change","player_choice":"Cursed","floor":2.0,"gold_loss":0.0,"damage_taken":0.0,"cards_obtained":["Decay"]},{"damage_healed":0.0,"max_hp_gain":0.0,"max_hp_loss":0.0,"gold_gain":0.0,"event_name":"The Cleric","player_choice":"Leave","floor":13.0,"gold_loss":0.0,"damage_taken":0.0}],"is_beta":false,"boss_relics":[{"not_picked":["Ectoplasm","Sozu"],"picked":"Empty Cage"}],"items_purged_floors":[3,8,11],"is_endless":false,"potions_floor_spawned":[1,14,16],"killed_by":"3 Byrds","ascension_level":16}