{"gold_per_floor":[118,118,131,131,179,212,233,233,233,253,253],"floor_reached":11,"playtime":300,"items_purged":[],"score":113,"play_id":"a567724d-f19c-4ffb-b357-a7bb8ab8e30c","local_time":"20211024223137","is_ascension_mode":true,"campfire_choices":[{"floor":8,"key":"REST"}],"neow_cost":"PERCENT_DAMAGE","seed_source_timestamp":46516783898068,"circlet_count":0,"master_deck":["AscendersBane","Strike_P","Strike_P","Strike_P","Strike_P","Defend_P","Defend_P","Eruption","Vigilance","FlurryOfBlows","Consecrate","Regret","Judgement"],"special_seed":0,"relics":["PureWater","Golden Idol","Singing Bowl","Toy Ornithopter","Art of War","Girya"],"potions_floor_usage":[],"damage_taken":[{"damage":0.0,"enemies":"Small Slimes","floor":1.0,"turns":2.0},{"damage":0.0,"enemies":"2 Louse","floor":3.0,"turns":2.0},{"damage":42,"enemies":"3 Sentries","floor":6,"turns":7},{"damage":0,"enemies":"Jaw Worm","floor":7,"turns":2},{"damage":16,"enemies":"Exordium Wildlife","floor":10,"turns":5},{"damage":14,"enemies":"Exordium Thugs","floor":11,"turns":1}],"seed_played":"3250953049074616148","potions_obtained":[{"floor":6,"key":"Dexterity Potion"}],"is_trial":false,"path_per_floor":["M","?","M","?","T","E","M","R","T","M","M"],"character_chosen":"WATCHER","items_purchased":[],"campfire_rested":1,"item_purchase_floors":[],"current_hp_per_floor":[47,47,47,47,47,7,9,30,30,14,0],"gold":253,"neow_bonus":"REMOVE_TWO","is_prod":false,"is_daily":false,"chose_seed":false,"campfire_upgraded":0,"win_rate":0,"timestamp":1635085897,"path_taken":["M","?","M","?","?","E","M","R","T","M","?"],"build_version":"2020-12-13","purchased_purges":0,"victory":false,"max_hp_per_floor":[72,67,67,67,67,69,71,71,71,71,71],"card_choices":[{"not_picked":["FlyingSleeves","PathToVictory"],"picked":"FlurryOfBlows","floor":1.0},{"not_picked":["Halt","EmptyBody"],"picked":"Consecrate","floor":3.0},{"not_picked":["WreathOfFlame","WaveOfTheHand","Perseverance"],"picked":"Singing Bowl","floor":6},{"not_picked":["ThirdEye","Pray","Prostrate"],"picked":"Singing Bowl","floor":7},{"not_picked":["Evaluate","ThirdEye"],"picked":"Judgement","floor":10}],"player_experience":189705,"relics_obtained":[{"floor":5.0,"key":"Toy Ornithopter"},{"floor":6,"key":"Art of War"},{"floor":9,"key":"Girya"}],"event_choices":[{"damage_healed":0.0,"max_hp_gain":0.0,"max_hp_loss":5.0,"gold_gain":0.0,"event_name":"Golden Idol","player_choice":"Lose Max HP","floor":2.0,"gold_loss":0.0,"damage_taken":0.0,"relics_obtained":["Golden Idol"]},{"damage_healed":0.0,"max_hp_gain":0.0,"max_hp_loss":0.0,"gold_gain":0.0,"event_name":"Big Fish","player_choice":"Box","floor":4.0,"gold_loss":0.0,"damage_taken":0.0,"relics_obtained":["Singing Bowl"],"cards_obtained":["Regret"]}],"is_beta":false,"boss_relics":[],"items_purged_floors":[],"is_endless":false,"potions_floor_spawned":[6],"killed_by":"Exordium Thugs","ascension_level":11}