{"gold_per_floor":[110,126,51,76,88,116,116,146,146,174,174,191,191,191,191,262,262,276,293,743,756,330,330,347,375,375,409,421,456,483,494,494,568,568,581,593,593,608,633,960,960,960,983,1007,1036,693,693,142,142,142],"floor_reached":51,"playtime":2660,"items_purged":["Defend_P","Wireheading","JustLucky"],"score":1670,"play_id":"f959fc5b-6967-4fc5-aa49-965a5f815b82","local_time":"20211031194306","is_ascension_mode":true,"campfire_choices":[{"data":"Vigilance","floor":7.0,"key":"SMITH"},{"data":"EmptyFist","floor":11.0,"key":"SMITH"},{"data":"WheelKick","floor":15.0,"key":"SMITH"},{"floor":23.0,"key":"REST"},{"floor":32.0,"key":"REST"},{"data":"Fasting2","floor":49,"key":"SMITH"}],"neow_cost":"NONE","seed_source_timestamp":0,"circlet_count":0,"master_deck":["AscendersBane","Eruption","Vigilance+1","WheelKick+1","Swivel+1","EmptyFist+1","DevaForm","CurseOfTheBell","InnerPeace","WheelKick","FearNoEvil","ClearTheMind+1","Omniscience","Crescendo","ForeignInfluence","Vault","Vengeance","Discovery","Protect+1","Fasting2+1","Omniscience","Fasting2","Vault"],"special_seed":0,"relics":["Snecko Eye","Nunchaku","Regal Pillow","PreservedInsect","Singing Bowl","Oddly Smooth Stone","StoneCalendar","Calling Bell","Ancient Tea Set","TeardropLocket","Gambling Chip","Omamori","Dream Catcher","Bottled Lightning","Calipers","Toy Ornithopter","Red Mask","Pandora\u0027s Box","Incense Burner","Old Coin","MawBank","DollysMirror","Shuriken"],"potions_floor_usage":[],"damage_taken":[{"damage":0.0,"enemies":"Cultist","floor":1.0,"turns":2.0},{"damage":0.0,"enemies":"Small Slimes","floor":2.0,"turns":2.0},{"damage":0.0,"enemies":"Jaw Worm","floor":5.0,"turns":2.0},{"damage":2.0,"enemies":"3 Sentries","floor":6.0,"turns":4.0},{"damage":0.0,"enemies":"Gremlin Nob","floor":8.0,"turns":2.0},{"damage":0.0,"enemies":"Lagavulin","floor":10.0,"turns":2.0},{"damage":0.0,"enemies":"2 Fungi Beasts","floor":12.0,"turns":2.0},{"damage":4.0,"enemies":"Hexaghost","floor":16.0,"turns":7.0},{"damage":5.0,"enemies":"2 Thieves","floor":18.0,"turns":3.0},{"damage":0.0,"enemies":"Chosen","floor":19.0,"turns":2.0},{"damage":0.0,"enemies":"Centurion and Healer","floor":21.0,"turns":3.0},{"damage":0.0,"enemies":"Cultist and Chosen","floor":24.0,"turns":4.0},{"damage":0.0,"enemies":"Gremlin Leader","floor":25.0,"turns":2.0},{"damage":12.0,"enemies":"Book of Stabbing","floor":27.0,"turns":3.0},{"damage":12.0,"enemies":"Snake Plant","floor":28.0,"turns":3.0},{"damage":0.0,"enemies":"Gremlin Leader","floor":29.0,"turns":2.0},{"damage":0.0,"enemies":"Masked Bandits","floor":30.0,"turns":2.0},{"damage":0.0,"enemies":"Snecko","floor":31.0,"turns":1.0},{"damage":2.0,"enemies":"Automaton","floor":33.0,"turns":5.0},{"damage":6.0,"enemies":"3 Shapes","floor":35.0,"turns":3.0},{"damage":4.0,"enemies":"Orb Walker","floor":36.0,"turns":3.0},{"damage":17.0,"enemies":"4 Shapes","floor":38.0,"turns":5.0},{"damage":0.0,"enemies":"Mind Bloom Boss Battle","floor":39.0,"turns":2.0},{"damage":24.0,"enemies":"Nemesis","floor":40.0,"turns":3.0},{"damage":0.0,"enemies":"3 Darklings","floor":44.0,"turns":3.0},{"damage":4.0,"enemies":"Writhing Mass","floor":45.0,"turns":4.0},{"damage":3,"enemies":"Donu and Deca","floor":50,"turns":5}],"seed_played":"-6822596134862905448","potions_obtained":[{"floor":1.0,"key":"SkillPotion"},{"floor":6.0,"key":"SneckoOil"},{"floor":8.0,"key":"Strength Potion"},{"floor":27.0,"key":"Energy Potion"},{"floor":35.0,"key":"CultistPotion"},{"floor":44.0,"key":"SneckoOil"}],"is_trial":false,"path_per_floor":["M","M","?","T","M","E","R","E","T","E","R","M","?","T","R","B",null,"M","M","?","M","$","R","M","E","T","E","M","E","?","M","R","B",null,"M","M","?","M","?","E","?","?","T","M","M","$","?","$","R","B",null],"character_chosen":"WATCHER","items_purchased":["Omamori","FairyPotion","WheelKick","DollysMirror","Fasting2","Shuriken","Vault"],"campfire_rested":2,"item_purchase_floors":[22,22,22,46,46,48,48],"current_hp_per_floor":[61,61,61,61,61,59,59,59,59,59,59,61,40,40,40,36,62,57,59,13,15,15,52,54,56,56,44,32,34,36,38,78,81,83,79,77,74,57,57,35,75,75,75,77,75,75,75,75,75,72],"gold":142,"neow_bonus":"BOSS_RELIC","is_prod":false,"is_daily":false,"chose_seed":false,"campfire_upgraded":4,"win_rate":0,"timestamp":1635680586,"path_taken":["M","?","?","?","M","E","R","E","T","E","R","M","?","?","R","BOSS","M","M","?","?","$","R","M","E","T","E","?","E","?","M","R","BOSS","M","M","?","M","?","E","?","?","T","M","?","?","?","$","R","BOSS"],"build_version":"2020-12-13","purchased_purges":3,"victory":true,"max_hp_per_floor":[68,68,68,68,68,68,68,68,68,68,68,70,70,70,70,70,70,70,72,72,74,74,74,76,78,78,78,78,80,82,84,84,84,84,86,88,90,90,90,92,75,75,75,77,79,79,75,75,75,75],"card_choices":[{"not_picked":["SandsOfTime","Collect"],"picked":"WheelKick","floor":1.0},{"not_picked":["BowlingBash","CutThroughFate","FlyingSleeves"],"picked":"SKIP","floor":2.0},{"not_picked":["EmptyBody","CrushJoints"],"picked":"Swivel","floor":5.0},{"not_picked":["Evaluate","DeceiveReality","Prostrate"],"picked":"SKIP","floor":6.0},{"not_picked":["MasterReality","JustLucky","Consecrate"],"picked":"SKIP","floor":8.0},{"not_picked":["WindmillStrike","BattleHymn"],"picked":"EmptyFist","floor":10.0},{"not_picked":["ThirdEye","Swivel","CrushJoints"],"picked":"Singing Bowl","floor":12.0},{"not_picked":["Vault","Wish"],"picked":"DevaForm","floor":16.0},{"not_picked":["DeceiveReality","FollowUp+1"],"picked":"InnerPeace","floor":18.0},{"not_picked":["DeceiveReality+1","EmptyBody+1","EmptyFist"],"picked":"Singing Bowl","floor":19.0},{"not_picked":["Nirvana","ThirdEye","CutThroughFate"],"picked":"Singing Bowl","floor":21.0},{"not_picked":["ReachHeaven","CutThroughFate","BowlingBash"],"picked":"Singing Bowl","floor":24.0},{"not_picked":["CrushJoints","Blasphemy","BattleHymn"],"picked":"Singing Bowl","floor":25.0},{"not_picked":["ForeignInfluence","EmptyFist"],"picked":"Crescendo","floor":27.0},{"not_picked":["SignatureMove","CutThroughFate+1"],"picked":"FearNoEvil","floor":28.0},{"not_picked":["Blasphemy","Vengeance","Halt"],"picked":"Singing Bowl","floor":29.0},{"not_picked":["PathToVictory","Conclude","ThirdEye+1"],"picked":"Singing Bowl","floor":30.0},{"not_picked":["FollowUp","Collect","Halt+1"],"picked":"Singing Bowl","floor":31.0},{"not_picked":["BowlingBash","LikeWater"],"picked":"ClearTheMind+1","floor":32.0},{"not_picked":["Establishment","DevaForm"],"picked":"Omniscience","floor":33.0},{"not_picked":["CutThroughFate+1","ClearTheMind","PathToVictory+1"],"picked":"Singing Bowl","floor":35.0},{"not_picked":["Meditate+1","SashWhip","Wireheading"],"picked":"Singing Bowl","floor":36.0},{"not_picked":["Trip","Purity"],"picked":"Discovery","floor":37.0},{"not_picked":["Finesse","Deep Breath","Bandage Up"],"picked":"Singing Bowl","floor":37.0},{"not_picked":["BowlingBash","Crescendo"],"picked":"Protect+1","floor":38.0},{"not_picked":["SashWhip","ForeignInfluence"],"picked":"Fasting2","floor":39.0},{"not_picked":["FlyingSleeves","ThirdEye","WaveOfTheHand"],"picked":"Singing Bowl","floor":40.0},{"not_picked":["SpiritShield","PathToVictory","ForeignInfluence"],"picked":"Singing Bowl","floor":44.0},{"not_picked":["CutThroughFate","EmptyBody","Worship"],"picked":"Singing Bowl","floor":45.0}],"player_experience":217148,"relics_obtained":[{"floor":4.0,"key":"Nunchaku"},{"floor":6.0,"key":"Regal Pillow"},{"floor":8.0,"key":"PreservedInsect"},{"floor":9.0,"key":"Singing Bowl"},{"floor":10.0,"key":"Oddly Smooth Stone"},{"floor":14.0,"key":"StoneCalendar"},{"floor":17.0,"key":"Ancient Tea Set"},{"floor":17.0,"key":"TeardropLocket"},{"floor":17.0,"key":"Gambling Chip"},{"floor":25.0,"key":"Dream Catcher"},{"floor":26.0,"key":"Bottled Lightning"},{"floor":27.0,"key":"Calipers"},{"floor":29.0,"key":"Toy Ornithopter"},{"floor":30.0,"key":"Red Mask"},{"floor":39.0,"key":"Incense Burner"},{"floor":40.0,"key":"Old Coin"},{"floor":43.0,"key":"MawBank"}],"event_choices":[{"cards_removed":["Defend_P"],"damage_healed":0.0,"max_hp_gain":0.0,"max_hp_loss":0.0,"gold_gain":0.0,"event_name":"The Cleric","player_choice":"Card Removal","floor":3.0,"gold_loss":75.0,"damage_taken":0.0},{"damage_healed":0.0,"max_hp_gain":0.0,"max_hp_loss":0.0,"gold_gain":0.0,"event_name":"Shining Light","player_choice":"Entered Light","floor":13.0,"gold_loss":0.0,"damage_taken":21.0,"cards_upgraded":["Defend_P","Swivel"]},{"damage_healed":0.0,"max_hp_gain":0.0,"max_hp_loss":0.0,"gold_gain":450.0,"event_name":"Knowing Skull","player_choice":"GOLD GOLD GOLD GOLD GOLD ","floor":20.0,"potions_obtained":[],"gold_loss":0.0,"damage_taken":46.0,"cards_obtained":[]},{"damage_healed":0.0,"max_hp_gain":0.0,"max_hp_loss":0.0,"gold_gain":0.0,"event_name":"Masked Bandits","player_choice":"Fought Bandits","floor":30.0,"gold_loss":0.0,"damage_taken":0.0},{"damage_healed":0.0,"max_hp_gain":0.0,"max_hp_loss":0.0,"gold_gain":0.0,"event_name":"SensoryStone","player_choice":"Memory 2","floor":37.0,"gold_loss":0.0,"damage_taken":5.0},{"damage_healed":0.0,"max_hp_gain":0.0,"max_hp_loss":0.0,"gold_gain":0.0,"event_name":"MindBloom","player_choice":"Fight","floor":39.0,"gold_loss":0.0,"damage_taken":0.0},{"damage_healed":75.0,"max_hp_gain":0.0,"max_hp_loss":17.0,"gold_gain":0.0,"event_name":"The Moai Head","player_choice":"Heal","floor":41.0,"gold_loss":0.0,"damage_taken":0.0},{"cards_removed":["Crescendo"],"damage_healed":0.0,"max_hp_gain":0.0,"max_hp_loss":0.0,"gold_gain":0.0,"event_name":"Falling","player_choice":"Removed Skill","floor":42.0,"gold_loss":0.0,"damage_taken":0.0},{"damage_healed":0.0,"max_hp_gain":0.0,"max_hp_loss":4.0,"gold_gain":0.0,"event_name":"Winding Halls","player_choice":"Max HP","floor":47.0,"gold_loss":0.0,"damage_taken":0.0}],"is_beta":false,"boss_relics":[{"not_picked":["Empty Cage","Cursed Key"],"picked":"Calling Bell"},{"not_picked":["Runic Dome","Runic Pyramid"],"picked":"Pandora\u0027s Box"}],"items_purged_floors":[22,46,48],"is_endless":false,"potions_floor_spawned":[1,6,8,16,18,27,29,30,35,36,39,44],"ascension_level":19}