{"gold_per_floor":[117,117,128,128,128,140,218,60,84,84,97,125,125,137,137,216,216,236,236,236,63,86,86],"floor_reached":23,"playtime":714,"items_purged":["Shame"],"score":371,"play_id":"a74e259b-7bbb-44fd-8167-8707f469f26c","local_time":"20211031112504","is_ascension_mode":true,"campfire_choices":[{"data":"Eruption","floor":10.0,"key":"SMITH"},{"floor":13.0,"key":"REST"},{"floor":15.0,"key":"REST"}],"neow_cost":"CURSE","seed_source_timestamp":0,"circlet_count":0,"master_deck":["AscendersBane","Defend_P","Defend_P","Defend_P","Defend_P","Eruption+1","Vigilance","FlurryOfBlows","InnerPeace","Adaptation","Consecrate","Alpha","FearNoEvil","Blasphemy","EmptyMind","Ghostly","Ghostly","Ghostly","Bite","Bite","Bite","Bite","Bite"],"special_seed":0,"relics":["PureWater","Du-Vu Doll","Oddly Smooth Stone","Letter Opener","Nunchaku","Tiny Chest","Snecko Eye","PrismaticShard","Happy Flower"],"potions_floor_usage":[23],"damage_taken":[{"damage":4.0,"enemies":"2 Louse","floor":1.0,"turns":4.0},{"damage":7.0,"enemies":"Small Slimes","floor":3.0,"turns":3.0},{"damage":1.0,"enemies":"Jaw Worm","floor":6.0,"turns":3.0},{"damage":24.0,"enemies":"Exordium Wildlife","floor":11.0,"turns":5.0},{"damage":8.0,"enemies":"Gremlin Nob","floor":12.0,"turns":3.0},{"damage":2.0,"enemies":"Looter","floor":14.0,"turns":2.0},{"damage":38.0,"enemies":"Slime Boss","floor":16.0,"turns":5.0},{"damage":18.0,"enemies":"Chosen","floor":18.0,"turns":5.0},{"damage":52,"enemies":"Slavers","floor":23,"turns":5}],"seed_played":"-8423411067415555108","potions_obtained":[{"floor":6.0,"key":"Fruit Juice"},{"floor":12.0,"key":"SpeedPotion"},{"floor":14.0,"key":"FairyPotion"}],"is_trial":false,"path_per_floor":["M","?","M","?","?","M","T","$","T","R","M","E","R","M","R","B",null,"M","?","?","$","T","E"],"character_chosen":"WATCHER","items_purchased":["Adaptation","PrismaticShard"],"campfire_rested":2,"item_purchase_floors":[8,21],"current_hp_per_floor":[57,57,50,39,39,38,38,38,38,38,14,11,32,30,51,13,58,40,36,25,25,25,0],"gold":86,"neow_bonus":"ONE_RARE_RELIC","is_prod":false,"is_daily":false,"chose_seed":false,"campfire_upgraded":1,"win_rate":0,"timestamp":1635650704,"path_taken":["M","?","M","?","?","M","?","?","T","R","M","E","R","M","R","BOSS","M","?","?","$","?","E"],"build_version":"2020-12-13","purchased_purges":1,"victory":false,"max_hp_per_floor":[68,68,68,68,68,68,68,68,68,68,68,73,73,73,73,73,73,73,36,25,25,25,25],"card_choices":[{"not_picked":["ThirdEye","EmptyMind"],"picked":"FlurryOfBlows","floor":1.0},{"not_picked":["Wireheading","FlurryOfBlows"],"picked":"InnerPeace","floor":3.0},{"not_picked":["FollowUp","Prostrate","Meditate"],"picked":"SKIP","floor":6.0},{"not_picked":["WheelKick","ClearTheMind"],"picked":"Consecrate","floor":11.0},{"not_picked":["ReachHeaven","Protect"],"picked":"Alpha","floor":12.0},{"not_picked":["ThirdEye","Evaluate"],"picked":"FearNoEvil","floor":14.0},{"not_picked":["MasterReality","Alpha"],"picked":"Blasphemy","floor":16.0},{"not_picked":["FollowUp","SignatureMove"],"picked":"EmptyMind","floor":18.0}],"player_experience":208909,"relics_obtained":[{"floor":7.0,"key":"Letter Opener"},{"floor":9.0,"key":"Nunchaku"},{"floor":12.0,"key":"Tiny Chest"},{"floor":22.0,"key":"Happy Flower"}],"event_choices":[{"damage_healed":0.0,"max_hp_gain":0.0,"max_hp_loss":0.0,"gold_gain":0.0,"event_name":"Shining Light","player_choice":"Ignored","floor":2.0,"gold_loss":0.0,"damage_taken":0.0},{"damage_healed":0.0,"max_hp_gain":0.0,"max_hp_loss":0.0,"gold_gain":0.0,"event_name":"Scrap Ooze","player_choice":"Success","floor":4.0,"gold_loss":0.0,"damage_taken":11.0,"relics_obtained":["Oddly Smooth Stone"]},{"damage_healed":0.0,"max_hp_gain":0.0,"max_hp_loss":0.0,"gold_gain":0.0,"event_name":"Liars Game","player_choice":"Ignored","floor":5.0,"gold_loss":0.0,"damage_taken":0.0},{"damage_healed":0.0,"max_hp_gain":0.0,"max_hp_loss":37.0,"gold_gain":0.0,"event_name":"Ghosts","player_choice":"Became a Ghost","floor":19.0,"gold_loss":0.0,"damage_taken":0.0,"cards_obtained":["Ghostly","Ghostly","Ghostly"]},{"damage_healed":0.0,"max_hp_gain":0.0,"max_hp_loss":11.0,"gold_gain":0.0,"event_name":"Vampires","player_choice":"Became a vampire","floor":20.0,"gold_loss":0.0,"damage_taken":0.0,"cards_obtained":["Bite","Bite","Bite","Bite","Bite"]}],"is_beta":false,"boss_relics":[{"not_picked":["Pandora\u0027s Box","Black Star"],"picked":"Snecko Eye"}],"items_purged_floors":[8],"is_endless":false,"potions_floor_spawned":[6,12,14,18],"killed_by":"Slavers","ascension_level":17}