{"gold_per_floor":[118,118,135,135,60,60,135,135,135,135,154,166,180,80,80,154,154,166,166,166,176,195,195,229,229,229,258,274,284,310,110,110,185,185,201,252,252,270,270,303,303,338,338,371,391,391,0,15,15,15],"floor_reached":51,"playtime":2377,"items_purged":["Defend_P","Defend_P","Strike_P"],"score":1491,"play_id":"3921199c-a3a7-46d6-887f-04b251012f2e","local_time":"20211030001737","is_ascension_mode":true,"campfire_choices":[{"data":"Eruption","floor":6.0,"key":"SMITH"},{"data":"EmptyFist","floor":10.0,"key":"SMITH"},{"floor":15.0,"key":"REST"},{"data":"Adaptation","floor":23.0,"key":"SMITH"},{"data":"Wallop","floor":25.0,"key":"SMITH"},{"floor":32.0,"key":"REST"},{"data":"Ragnarok","floor":41.0,"key":"SMITH"},{"data":"Crescendo","floor":46,"key":"SMITH"},{"floor":49,"key":"REST"}],"neow_cost":"PERCENT_DAMAGE","seed_source_timestamp":389476396203789,"circlet_count":0,"master_deck":["AscendersBane","Strike_P","Strike_P","Strike_P","Defend_P+1","Eruption+1","Vigilance","Adaptation+1","EmptyFist+1","InnerPeace","Tantrum","Wallop+1","EmptyMind","Vault+1","EmptyBody","Ghostly","Ghostly","Ghostly","Ghostly","Ghostly","ReachHeaven","Adaptation+1","Crescendo+1","Study+1","ThirdEye","LikeWater+1","FearNoEvil","BattleHymn+1","Ragnarok+1","Halt+1","Dark Shackles","SandsOfTime+1","Meditate+1"],"special_seed":0,"relics":["PureWater","Calipers","Pear","StrikeDummy","Black Star","Vajra","InkBottle","Mummified Hand","Pen Nib","Frozen Egg 2","Torii","Bronze Scales","SlaversCollar","CaptainsWheel","Girya","Gambling Chip","Molten Egg 2","GoldenEye","Yang","Ornamental Fan","Blue Candle","Red Mask"],"potions_floor_usage":[],"damage_taken":[{"damage":0.0,"enemies":"Cultist","floor":1.0,"turns":4.0},{"damage":0.0,"enemies":"Small Slimes","floor":3.0,"turns":4.0},{"damage":7.0,"enemies":"2 Louse","floor":11.0,"turns":3.0},{"damage":0.0,"enemies":"2 Fungi Beasts","floor":12.0,"turns":1.0},{"damage":0.0,"enemies":"Exordium Wildlife","floor":13.0,"turns":2.0},{"damage":20.0,"enemies":"The Guardian","floor":16.0,"turns":6.0},{"damage":11.0,"enemies":"2 Thieves","floor":18.0,"turns":3.0},{"damage":2.0,"enemies":"Chosen","floor":21.0,"turns":5.0},{"damage":0.0,"enemies":"Snecko","floor":22.0,"turns":5.0},{"damage":5.0,"enemies":"Gremlin Leader","floor":24.0,"turns":7.0},{"damage":26.0,"enemies":"Slavers","floor":27.0,"turns":7.0},{"damage":3.0,"enemies":"Snake Plant","floor":28.0,"turns":4.0},{"damage":1.0,"enemies":"Sentry and Sphere","floor":29.0,"turns":5.0},{"damage":2.0,"enemies":"Book of Stabbing","floor":30.0,"turns":3.0},{"damage":3.0,"enemies":"Champ","floor":33.0,"turns":8.0},{"damage":2.0,"enemies":"Orb Walker","floor":35.0,"turns":4.0},{"damage":3.0,"enemies":"2 Orb Walkers","floor":36.0,"turns":5.0},{"damage":3.0,"enemies":"3 Darklings","floor":38.0,"turns":4.0},{"damage":0.0,"enemies":"Nemesis","floor":40.0,"turns":3.0},{"damage":2.0,"enemies":"Reptomancer","floor":42.0,"turns":4.0},{"damage":0.0,"enemies":"Nemesis","floor":44.0,"turns":3.0},{"damage":0,"enemies":"Jaw Worm Horde","floor":45,"turns":2},{"damage":0,"enemies":"4 Shapes","floor":48,"turns":4},{"damage":0,"enemies":"Donu and Deca","floor":50,"turns":7}],"seed_played":"-3642569387903671419","potions_obtained":[{"floor":11.0,"key":"FairyPotion"},{"floor":12.0,"key":"Strength Potion"},{"floor":18.0,"key":"DuplicationPotion"},{"floor":30.0,"key":"SteroidPotion"},{"floor":36.0,"key":"SpeedPotion"},{"floor":38.0,"key":"Swift Potion"},{"floor":44.0,"key":"CultistPotion"}],"is_trial":false,"path_per_floor":["M","?","M","?","$","R","?","?","T","R","M","M","M","$","R","B",null,"M","?","?","M","M","R","E","R","T","E","M","M","E","$","R","B",null,"M","?","?","M","?","E","R","E","T","E","M","R","?","M","R","B",null],"character_chosen":"WATCHER","items_purchased":["BattleHymn+1"],"campfire_rested":3,"item_purchase_floors":[31],"current_hp_per_floor":[43,46,46,30,30,30,19,19,19,19,12,12,12,12,35,15,62,51,39,39,37,37,37,32,32,32,6,3,2,11,11,22,19,34,32,29,26,23,23,23,23,21,21,21,21,21,21,21,32,32],"gold":15,"neow_bonus":"ONE_RARE_RELIC","is_prod":false,"is_daily":false,"chose_seed":false,"campfire_upgraded":6,"win_rate":0,"timestamp":1635524257,"path_taken":["M","?","M","?","$","R","?","?","T","R","?","M","M","$","R","BOSS","M","?","?","M","M","R","E","R","T","E","?","M","E","$","R","BOSS","M","?","?","?","?","E","R","E","T","E","M","R","?","M","R","BOSS"],"build_version":"2020-12-13","purchased_purges":3,"victory":true,"max_hp_per_floor":[68,78,78,78,78,78,78,78,78,78,78,78,78,78,78,78,78,78,39,39,39,39,39,39,39,39,39,39,39,39,39,39,39,39,39,39,39,39,39,39,39,39,39,39,39,39,39,39,39,39],"card_choices":[{"not_picked":["CrushJoints","PathToVictory"],"picked":"Adaptation","floor":1.0},{"not_picked":["Worship","ThirdEye"],"picked":"EmptyFist","floor":3.0},{"not_picked":["Conclude","BattleHymn"],"picked":"Tantrum","floor":11.0},{"not_picked":["PathToVictory","FearNoEvil"],"picked":"Wallop","floor":12.0},{"not_picked":["JustLucky","Indignation"],"picked":"EmptyMind","floor":13.0},{"not_picked":["Ragnarok","Brilliance"],"picked":"Vault","floor":16.0},{"not_picked":["Crescendo","MentalFortress+1"],"picked":"EmptyBody","floor":18.0},{"not_picked":["Fasting2","Study"],"picked":"ReachHeaven","floor":21.0},{"not_picked":["CrushJoints","WreathOfFlame"],"picked":"Adaptation","floor":22.0},{"not_picked":["Worship","WheelKick"],"picked":"Crescendo","floor":24.0},{"not_picked":["JustLucky","Adaptation+1"],"picked":"Study+1","floor":27.0},{"not_picked":["CrushJoints","Swivel"],"picked":"ThirdEye","floor":28.0},{"not_picked":["Evaluate","Worship"],"picked":"LikeWater+1","floor":29.0},{"not_picked":["DeceiveReality","ThirdEye"],"picked":"FearNoEvil","floor":30.0},{"not_picked":["Omniscience","MasterReality+1"],"picked":"Ragnarok","floor":33.0},{"not_picked":["Prostrate","CutThroughFate","WreathOfFlame"],"picked":"SKIP","floor":35.0},{"not_picked":["Collect","FlyingSleeves"],"picked":"Halt+1","floor":36.0},{"not_picked":["PathToVictory","ThirdEye+1","WaveOfTheHand"],"picked":"SKIP","floor":38.0},{"not_picked":["Sadistic Nature+1","Trip"],"picked":"Dark Shackles","floor":39.0},{"not_picked":["Crescendo","BowlingBash","EmptyFist"],"picked":"SKIP","floor":40.0},{"not_picked":["ThirdEye+1","Judgement","Halt+1"],"picked":"SKIP","floor":42.0},{"not_picked":["ClearTheMind","LikeWater+1"],"picked":"SandsOfTime+1","floor":44.0},{"not_picked":["ClearTheMind+1","Prostrate","BowlingBash+1"],"picked":"SKIP","floor":45},{"not_picked":["FlyingSleeves+1","BowlingBash+1"],"picked":"Meditate+1","floor":48}],"player_experience":196223,"relics_obtained":[{"floor":9.0,"key":"StrikeDummy"},{"floor":24.0,"key":"Vajra"},{"floor":24.0,"key":"InkBottle"},{"floor":26.0,"key":"Mummified Hand"},{"floor":27.0,"key":"Pen Nib"},{"floor":27.0,"key":"Frozen Egg 2"},{"floor":30.0,"key":"Torii"},{"floor":30.0,"key":"Bronze Scales"},{"floor":36.0,"key":"CaptainsWheel"},{"floor":40.0,"key":"Girya"},{"floor":40.0,"key":"Gambling Chip"},{"floor":42.0,"key":"Molten Egg 2"},{"floor":42.0,"key":"GoldenEye"},{"floor":43.0,"key":"Yang"},{"floor":44.0,"key":"Ornamental Fan"},{"floor":44.0,"key":"Blue Candle"}],"event_choices":[{"damage_healed":0.0,"max_hp_gain":0.0,"max_hp_loss":0.0,"gold_gain":0.0,"event_name":"Scrap Ooze","player_choice":"Success","floor":2.0,"gold_loss":0.0,"damage_taken":7.0,"relics_obtained":["Pear"]},{"damage_healed":0.0,"max_hp_gain":0.0,"max_hp_loss":0.0,"gold_gain":0.0,"event_name":"Shining Light","player_choice":"Entered Light","floor":4.0,"gold_loss":0.0,"damage_taken":16.0,"cards_upgraded":["Defend_P","Adaptation"]},{"damage_healed":0.0,"max_hp_gain":0.0,"max_hp_loss":0.0,"gold_gain":75.0,"event_name":"World of Goop","player_choice":"Gather Gold","floor":7.0,"gold_loss":0.0,"damage_taken":11.0},{"damage_healed":0.0,"max_hp_gain":0.0,"max_hp_loss":0.0,"gold_gain":0.0,"cards_transformed":["Defend_P"],"event_name":"Living Wall","player_choice":"Change","floor":8.0,"gold_loss":0.0,"damage_taken":0.0,"cards_obtained":["InnerPeace"]},{"damage_healed":0.0,"max_hp_gain":0.0,"max_hp_loss":39.0,"gold_gain":0.0,"event_name":"Ghosts","player_choice":"Became a Ghost","floor":19.0,"gold_loss":0.0,"damage_taken":0.0,"cards_obtained":["Ghostly","Ghostly","Ghostly","Ghostly","Ghostly"]},{"damage_healed":0.0,"max_hp_gain":0.0,"max_hp_loss":0.0,"gold_gain":0.0,"event_name":"Upgrade Shrine","player_choice":"Upgraded","floor":20.0,"gold_loss":0.0,"damage_taken":0.0,"cards_upgraded":["Vault"]},{"damage_healed":0.0,"max_hp_gain":0.0,"max_hp_loss":0.0,"gold_gain":0.0,"event_name":"Mysterious Sphere","player_choice":"Fight","floor":36.0,"gold_loss":0.0,"damage_taken":0.0},{"damage_healed":0.0,"max_hp_gain":0.0,"max_hp_loss":0.0,"gold_gain":0.0,"event_name":"Wheel of Change","player_choice":"Damaged","floor":37.0,"gold_loss":0.0,"damage_taken":3.0},{"damage_healed":0.0,"max_hp_gain":0.0,"max_hp_loss":0.0,"gold_gain":0.0,"event_name":"SensoryStone","player_choice":"Memory 1","floor":39.0,"gold_loss":0.0,"damage_taken":0.0},{"damage_healed":0,"gold_gain":0,"player_choice":"Paid","damage_taken":0,"relics_obtained":["Red Mask"],"max_hp_gain":0,"max_hp_loss":0,"event_name":"Tomb of Lord Red Mask","floor":47,"gold_loss":391}],"is_beta":false,"boss_relics":[{"not_picked":["Pandora\u0027s Box","Velvet Choker"],"picked":"Black Star"},{"not_picked":["Astrolabe","HolyWater"],"picked":"SlaversCollar"}],"items_purged_floors":[5,14,31],"is_endless":false,"potions_floor_spawned":[11,12,13,18,24,28,29,30,36,38,44],"ascension_level":14}