{"gold_per_floor":[114,114,114,114,114,149,0,26,53,53,82,82,95,120,120,192,192,204,154,354,369,230,265,265,298,325,325,335,335,362,381,381,460,460,476,476,1475,1487,1538,1553,1553,1553,1553,1584,1584,1610,1624,890,890,890],"floor_reached":51,"playtime":2385,"items_purged":["Pain","Defend_P","Normality"],"score":1630,"play_id":"b44d8331-838e-4f96-b49d-58866f6a0f83","local_time":"20211030140545","is_ascension_mode":true,"campfire_choices":[{"data":"Eruption","floor":10.0,"key":"SMITH"},{"data":"ForeignInfluence","floor":12.0,"key":"SMITH"},{"data":"EmptyFist","floor":15.0,"key":"SMITH"},{"data":"Omniscience","floor":24.0,"key":"SMITH"},{"floor":27.0,"key":"REST"},{"data":"Study","floor":29.0,"key":"SMITH"},{"floor":32.0,"key":"REST"},{"floor":42.0,"key":"REST"},{"data":"Vault","floor":45.0,"key":"SMITH"},{"floor":49.0,"key":"REST"}],"neow_cost":"NONE","seed_source_timestamp":402744222414058,"circlet_count":0,"master_deck":["AscendersBane","Eruption+1","Vigilance","Crescendo","DevaForm","EmptyFist+1","FearNoEvil","ForeignInfluence+1","Consecrate+1","InnerPeace","Omniscience+1","CutThroughFate","Indignation","Study+1","Purity","ReachHeaven+1","BowlingBash","Decay","Study+1","Wallop+1","ClearTheMind","Vault+1","WaveOfTheHand","MasterReality","Worship","Perseverance","CrushJoints","Adaptation","Halt","EmptyBody","Normality","BattleHymn","Protect+1","Doubt","Adaptation","Discovery","Evaluate","Secret Technique"],"special_seed":0,"relics":["PureWater","NeowsBlessing","Blue Candle","Pear","WarpedTongs","Akabeko","Orrery","Prayer Wheel","PreservedInsect","Darkstone Periapt","Smiling Mask","Cursed Key","Lantern","Anchor","Bag of Marbles","Blood Vial","Pandora\u0027s Box","Ginger","StoneCalendar","Whetstone","Kunai","InkBottle","Toolbox"],"potions_floor_usage":[50,50],"damage_taken":[{"damage":0.0,"enemies":"Cultist","floor":1.0,"turns":1.0},{"damage":0.0,"enemies":"3 Sentries","floor":6.0,"turns":2.0},{"damage":0.0,"enemies":"Gremlin Nob","floor":8.0,"turns":1.0},{"damage":0.0,"enemies":"Lagavulin","floor":11.0,"turns":3.0},{"damage":0.0,"enemies":"2 Louse","floor":13.0,"turns":1.0},{"damage":3.0,"enemies":"Gremlin Nob","floor":14.0,"turns":2.0},{"damage":25.0,"enemies":"Slime Boss","floor":16.0,"turns":10.0},{"damage":0.0,"enemies":"Spheric Guardian","floor":18.0,"turns":2.0},{"damage":2.0,"enemies":"Shell Parasite","floor":21.0,"turns":3.0},{"damage":18.0,"enemies":"Gremlin Leader","floor":23.0,"turns":5.0},{"damage":17.0,"enemies":"Book of Stabbing","floor":25.0,"turns":3.0},{"damage":1.0,"enemies":"Snecko","floor":28.0,"turns":2.0},{"damage":22.0,"enemies":"Gremlin Leader","floor":30.0,"turns":4.0},{"damage":0.0,"enemies":"Cultist and Chosen","floor":31.0,"turns":4.0},{"damage":57.0,"enemies":"Automaton","floor":33.0,"turns":8.0},{"damage":26.0,"enemies":"3 Darklings","floor":35.0,"turns":4.0},{"damage":0.0,"enemies":"Orb Walker","floor":38.0,"turns":2.0},{"damage":47.0,"enemies":"2 Orb Walkers","floor":39.0,"turns":4.0},{"damage":0.0,"enemies":"Jaw Worm Horde","floor":40.0,"turns":4.0},{"damage":4.0,"enemies":"Giant Head","floor":44.0,"turns":6.0},{"damage":39.0,"enemies":"Nemesis","floor":46.0,"turns":3.0},{"damage":1.0,"enemies":"3 Darklings","floor":47.0,"turns":3.0},{"damage":22,"enemies":"Awakened One","floor":50,"turns":8}],"seed_played":"871465221352564510","potions_obtained":[{"floor":6.0,"key":"SpeedPotion"},{"floor":8.0,"key":"BlessingOfTheForge"},{"floor":16.0,"key":"Dexterity Potion"},{"floor":28.0,"key":"Explosive Potion"},{"floor":33.0,"key":"CultistPotion"},{"floor":39.0,"key":"Regen Potion"},{"floor":44.0,"key":"BlessingOfTheForge"},{"floor":46.0,"key":"Strength Potion"}],"is_trial":false,"path_per_floor":["M","?","?","?","?","E","$","E","T","R","E","R","M","E","R","B",null,"M","$","?","M","$","E","R","E","T","R","M","R","E","M","R","B",null,"M","?","?","M","?","M","?","R","T","E","R","E","M","$","R","B",null],"character_chosen":"WATCHER","items_purchased":["Orrery","Purity","Discovery","InkBottle","Toolbox","Evaluate","Secret Technique"],"campfire_rested":4,"item_purchase_floors":[7,22,48,48,48,48,48],"current_hp_per_floor":[61,56,66,66,66,66,66,66,66,66,66,66,66,63,63,38,68,68,68,68,66,66,48,48,31,37,62,61,61,39,41,66,11,66,42,69,81,81,34,48,48,72,78,76,76,39,40,40,66,46],"gold":890,"neow_bonus":"THREE_ENEMY_KILL","is_prod":false,"is_daily":false,"chose_seed":false,"campfire_upgraded":6,"win_rate":0,"timestamp":1635573945,"path_taken":["M","?","?","?","?","E","$","E","T","R","E","R","M","E","R","BOSS","M","?","?","?","$","E","R","E","T","R","M","R","E","M","R","BOSS","M","?","?","M","?","M","?","R","T","E","R","E","?","$","R","BOSS"],"build_version":"2020-12-13","purchased_purges":3,"victory":true,"max_hp_per_floor":[68,68,78,78,78,78,78,78,78,78,78,78,78,78,78,78,78,78,78,78,78,78,78,78,78,84,84,84,84,84,84,84,84,84,84,69,81,81,81,81,81,81,87,87,87,87,87,87,87,87],"card_choices":[{"not_picked":["Perseverance","EmptyBody"],"picked":"Crescendo","floor":1.0},{"not_picked":["Crescendo","Collect","Meditate"],"picked":"SKIP","floor":6.0},{"not_picked":["FlurryOfBlows","SashWhip"],"picked":"DevaForm","floor":7.0},{"not_picked":["PathToVictory","SpiritShield"],"picked":"EmptyFist","floor":7.0},{"not_picked":["Protect","DeceiveReality"],"picked":"FearNoEvil","floor":7.0},{"not_picked":["JustLucky","EmptyFist"],"picked":"ForeignInfluence","floor":7.0},{"not_picked":["FollowUp","JustLucky","Halt"],"picked":"SKIP","floor":8.0},{"not_picked":["FlyingSleeves","MentalFortress","WreathOfFlame"],"picked":"SKIP","floor":11.0},{"not_picked":["FlyingSleeves","MentalFortress","WreathOfFlame"],"picked":"SKIP","floor":11.0},{"not_picked":["Judgement","EmptyFist"],"picked":"Consecrate","floor":13.0},{"not_picked":["Evaluate","PathToVictory","FlurryOfBlows"],"picked":"SKIP","floor":13.0},{"not_picked":["Worship","CrushJoints"],"picked":"InnerPeace","floor":14.0},{"not_picked":["Alpha","Judgement"],"picked":"Omniscience","floor":16.0},{"not_picked":["EmptyFist","Evaluate+1"],"picked":"CutThroughFate","floor":18.0},{"not_picked":["CrushJoints","EmptyFist","Consecrate"],"picked":"SKIP","floor":18.0},{"not_picked":["Collect","Consecrate"],"picked":"Indignation","floor":21.0},{"not_picked":["Prostrate","InnerPeace"],"picked":"Study","floor":21.0},{"not_picked":["DeceiveReality","ThirdEye"],"picked":"ReachHeaven","floor":23.0},{"not_picked":["Blasphemy","FlyingSleeves"],"picked":"BowlingBash","floor":25.0},{"not_picked":["ThirdEye","Evaluate","PathToVictory"],"picked":"SKIP","floor":28.0},{"not_picked":["CarveReality+1","Consecrate","InnerPeace+1"],"picked":"SKIP","floor":28.0},{"not_picked":["CrushJoints","Prostrate"],"picked":"Study+1","floor":30.0},{"not_picked":["BattleHymn+1","BowlingBash"],"picked":"Wallop+1","floor":31.0},{"not_picked":["FollowUp","Alpha"],"picked":"ClearTheMind","floor":31.0},{"not_picked":["Judgement","MasterReality"],"picked":"Vault","floor":33.0},{"not_picked":["EmptyBody","CrushJoints"],"picked":"Halt","floor":35.0},{"not_picked":["InnerPeace","WindmillStrike+1"],"picked":"EmptyBody","floor":35.0},{"not_picked":["CutThroughFate+1","EmptyBody"],"picked":"BattleHymn","floor":38.0},{"not_picked":["Wireheading+1","CrushJoints","LikeWater"],"picked":"SKIP","floor":38.0},{"not_picked":["CrushJoints","JustLucky+1"],"picked":"Protect+1","floor":39.0},{"not_picked":["SashWhip","FollowUp+1","Evaluate"],"picked":"SKIP","floor":40.0},{"not_picked":["EmptyBody","Protect","FollowUp+1"],"picked":"SKIP","floor":40.0},{"not_picked":["SashWhip","FollowUp+1","Evaluate"],"picked":"SKIP","floor":40.0},{"not_picked":["EmptyBody","Protect","FollowUp+1"],"picked":"SKIP","floor":40.0},{"not_picked":["CrushJoints+1","JustLucky","Judgement"],"picked":"SKIP","floor":44.0},{"not_picked":["FlyingSleeves","Halt"],"picked":"Adaptation","floor":46.0},{"not_picked":["BowlingBash","SashWhip","CrushJoints+1"],"picked":"SKIP","floor":47.0},{"not_picked":["ThirdEye","WheelKick","ClearTheMind+1"],"picked":"SKIP","floor":47.0}],"player_experience":201102,"relics_obtained":[{"floor":6.0,"key":"Akabeko"},{"floor":8.0,"key":"Prayer Wheel"},{"floor":9.0,"key":"PreservedInsect"},{"floor":11.0,"key":"Darkstone Periapt"},{"floor":14.0,"key":"Smiling Mask"},{"floor":23.0,"key":"Lantern"},{"floor":25.0,"key":"Anchor"},{"floor":26.0,"key":"Bag of Marbles"},{"floor":30.0,"key":"Blood Vial"},{"floor":39.0,"key":"Ginger"},{"floor":43.0,"key":"StoneCalendar"},{"floor":44.0,"key":"Whetstone"},{"floor":46.0,"key":"Kunai"}],"event_choices":[{"damage_healed":0.0,"max_hp_gain":0.0,"max_hp_loss":0.0,"gold_gain":0.0,"event_name":"Scrap Ooze","player_choice":"Success","floor":2.0,"gold_loss":0.0,"damage_taken":5.0,"relics_obtained":["Blue Candle"]},{"damage_healed":0.0,"max_hp_gain":0.0,"max_hp_loss":0.0,"gold_gain":0.0,"event_name":"Big Fish","player_choice":"Box","floor":3.0,"gold_loss":0.0,"damage_taken":0.0,"relics_obtained":["Pear"],"cards_obtained":["Regret"]},{"cards_removed":["Regret"],"damage_healed":0.0,"max_hp_gain":0.0,"max_hp_loss":0.0,"gold_gain":0.0,"event_name":"Living Wall","player_choice":"Forget","floor":4.0,"gold_loss":0.0,"damage_taken":0.0},{"damage_healed":0.0,"max_hp_gain":0.0,"max_hp_loss":0.0,"gold_gain":0.0,"event_name":"Accursed Blacksmith","player_choice":"Rummage","floor":5.0,"gold_loss":0.0,"damage_taken":0.0,"relics_obtained":["WarpedTongs"],"cards_obtained":["Pain"]},{"damage_healed":0.0,"max_hp_gain":0.0,"max_hp_loss":0.0,"gold_gain":250.0,"event_name":"The Joust","player_choice":"Bet on Owner","floor":20.0,"gold_loss":50.0,"damage_taken":0.0},{"damage_healed":69.0,"max_hp_gain":0.0,"max_hp_loss":15.0,"gold_gain":0.0,"event_name":"The Moai Head","player_choice":"Heal","floor":36.0,"gold_loss":0.0,"damage_taken":0.0},{"damage_healed":0.0,"max_hp_gain":0.0,"max_hp_loss":0.0,"gold_gain":999.0,"event_name":"MindBloom","player_choice":"Gold","floor":37.0,"gold_loss":0.0,"damage_taken":0.0,"cards_obtained":["Normality","Normality"]},{"damage_healed":0.0,"max_hp_gain":0.0,"max_hp_loss":0.0,"gold_gain":0.0,"event_name":"Mysterious Sphere","player_choice":"Fight","floor":39.0,"gold_loss":0.0,"damage_taken":0.0},{"cards_removed":["WheelKick"],"damage_healed":0.0,"max_hp_gain":0.0,"max_hp_loss":0.0,"gold_gain":0.0,"event_name":"Falling","player_choice":"Removed Attack","floor":41.0,"gold_loss":0.0,"damage_taken":0.0}],"is_beta":false,"boss_relics":[{"not_picked":["Calling Bell","SlaversCollar"],"picked":"Cursed Key"},{"not_picked":["Tiny House","Runic Dome"],"picked":"Pandora\u0027s Box"}],"items_purged_floors":[19,22,48],"is_endless":false,"potions_floor_spawned":[6,8,16,21,23,28,33,39,44,46],"ascension_level":15}