{"gold_per_floor":[367,367,377,377,396,396,415,425,425,425,449,449,221,245,245,370,370,394,407,168,168,14,14,28,67,93,93,116,116,131,145,145,274,274,290,89,89,104,129,129,48,61,61,124,124,124,124,139,139,139],"floor_reached":51,"playtime":2366,"items_purged":["Defend_P","Strike_P","Strike_P"],"score":938,"play_id":"5dab2d9c-089c-48fd-8767-9a6cbcd21a3e","local_time":"20211023235657","is_ascension_mode":true,"campfire_choices":[{"data":"Wallop","floor":6.0,"key":"SMITH"},{"data":"EmptyMind","floor":10.0,"key":"SMITH"},{"data":"Ragnarok","floor":15.0,"key":"SMITH"},{"data":"DeusExMachina","floor":23.0,"key":"SMITH"},{"floor":27.0,"key":"REST"},{"data":"Crescendo","floor":32.0,"key":"SMITH"},{"data":"Meditate","floor":40.0,"key":"SMITH"},{"data":"Defend_P","floor":45.0,"key":"PURGE"},{"data":"Study","floor":47.0,"key":"SMITH"},{"floor":49,"key":"REST"}],"neow_cost":"TEN_PERCENT_HP_LOSS","seed_source_timestamp":14544340768672,"circlet_count":0,"master_deck":["Strike_P+1","Defend_P","Eruption+1","Vigilance","Wallop+1","BowlingBash+1","EmptyMind+1","Protect","Ragnarok+1","DeusExMachina+1","ThirdEye+1","Crescendo+1","DevaForm","Meditate+1","Wallop+1","Crescendo+1","MasterReality+1","Omniscience+1","ConjureBlade","Study+1","EmptyBody+1","ClearTheMind+1"],"special_seed":0,"relics":["PureWater","Bag of Marbles","MealTicket","Golden Idol","Busted Crown","CultistMask","Bag of Preparation","Whetstone","Dream Catcher","Molten Egg 2","Astrolabe","Happy Flower","Peace Pipe"],"potions_floor_usage":[50,50],"damage_taken":[{"damage":5.0,"enemies":"2 Louse","floor":1.0,"turns":2.0},{"damage":0.0,"enemies":"Cultist","floor":3.0,"turns":2.0},{"damage":4.0,"enemies":"Small Slimes","floor":5.0,"turns":2.0},{"damage":0.0,"enemies":"2 Fungi Beasts","floor":7.0,"turns":1.0},{"damage":1.0,"enemies":"Red Slaver","floor":8.0,"turns":4.0},{"damage":1.0,"enemies":"Blue Slaver","floor":14.0,"turns":4.0},{"damage":22.0,"enemies":"The Guardian","floor":16.0,"turns":10.0},{"damage":39.0,"enemies":"Spheric Guardian","floor":18.0,"turns":8.0},{"damage":0.0,"enemies":"3 Byrds","floor":19.0,"turns":6.0},{"damage":8.0,"enemies":"Snake Plant","floor":24.0,"turns":4.0},{"damage":0.0,"enemies":"Gremlin Leader","floor":25.0,"turns":6.0},{"damage":4.0,"enemies":"Chosen and Byrds","floor":28.0,"turns":6.0},{"damage":8.0,"enemies":"Shelled Parasite and Fungi","floor":30.0,"turns":7.0},{"damage":0.0,"enemies":"Cultist and Chosen","floor":31.0,"turns":4.0},{"damage":2.0,"enemies":"Collector","floor":33.0,"turns":4.0},{"damage":1.0,"enemies":"3 Shapes","floor":35.0,"turns":6.0},{"damage":0.0,"enemies":"3 Darklings","floor":38.0,"turns":2.0},{"damage":11.0,"enemies":"Writhing Mass","floor":39.0,"turns":4.0},{"damage":22.0,"enemies":"Maw","floor":42.0,"turns":5.0},{"damage":4.0,"enemies":"2 Orb Walkers","floor":44.0,"turns":2.0},{"damage":23,"enemies":"Spire Growth","floor":48,"turns":5},{"damage":72,"enemies":"Donu and Deca","floor":50,"turns":7}],"seed_played":"4336025018492069589","potions_obtained":[{"floor":5.0,"key":"DuplicationPotion"},{"floor":7.0,"key":"Weak Potion"},{"floor":18.0,"key":"Block Potion"},{"floor":24.0,"key":"FairyPotion"},{"floor":28.0,"key":"DuplicationPotion"},{"floor":31.0,"key":"FearPotion"},{"floor":35.0,"key":"ColorlessPotion"},{"floor":39.0,"key":"SpeedPotion"},{"floor":44.0,"key":"Block Potion"}],"is_trial":false,"path_per_floor":["M","?","M","?","M","R","M","M","T","R","T","?","$","M","R","B",null,"M","M","$","?","$","R","M","E","T","R","M","?","M","M","R","B",null,"M","$","?","M","M","R","$","M","T","?","R","?","R","M","R","B",null],"character_chosen":"WATCHER","items_purchased":["Ragnarok","DevaForm","Bag of Preparation","ConjureBlade","Study"],"campfire_rested":2,"item_purchase_floors":[13,20,22,36,41],"current_hp_per_floor":[60,65,65,65,61,61,61,60,60,60,60,43,58,57,57,35,61,22,22,37,37,52,52,44,44,44,65,61,61,53,53,53,51,65,64,70,70,70,59,59,70,48,48,44,44,61,61,38,56,18],"gold":139,"neow_bonus":"TWO_FIFTY_GOLD","is_prod":false,"is_daily":false,"chose_seed":false,"campfire_upgraded":7,"win_rate":0,"timestamp":1635004617,"path_taken":["M","?","M","?","M","R","M","?","T","R","?","?","$","M","R","BOSS","M","M","$","?","$","R","?","E","T","R","M","?","M","?","R","BOSS","M","$","?","M","M","R","$","?","T","?","R","?","R","M","R","BOSS"],"build_version":"2020-12-13","purchased_purges":3,"victory":true,"max_hp_per_floor":[65,70,70,70,70,70,70,70,70,70,70,70,70,70,70,70,70,70,70,70,70,70,70,70,70,70,70,70,70,70,70,70,70,70,70,70,70,70,70,70,70,70,70,70,70,61,61,61,61,61],"card_choices":[{"not_picked":["BowlingBash","Worship"],"picked":"Wallop","floor":1.0},{"not_picked":["Halt","Vengeance"],"picked":"BowlingBash","floor":3.0},{"not_picked":["Perseverance","Conclude"],"picked":"EmptyMind","floor":5.0},{"not_picked":["Nirvana","JustLucky"],"picked":"Protect","floor":7.0},{"not_picked":["Sanctity","EmptyMind"],"picked":"Prostrate","floor":8.0},{"not_picked":["FollowUp","Halt"],"picked":"Perseverance","floor":14.0},{"not_picked":["ConjureBlade","Ragnarok"],"picked":"DeusExMachina","floor":16.0},{"not_picked":[],"picked":"ThirdEye+1","floor":18.0},{"not_picked":[],"picked":"Crescendo","floor":19.0},{"not_picked":["DeceiveReality"],"picked":"SKIP","floor":24.0},{"not_picked":["FlurryOfBlows"],"picked":"SKIP","floor":25.0},{"not_picked":["FlurryOfBlows"],"picked":"SKIP","floor":25.0},{"not_picked":[],"picked":"Meditate","floor":27.0},{"not_picked":["FollowUp"],"picked":"SKIP","floor":28.0},{"not_picked":["BowlingBash+1"],"picked":"SKIP","floor":30.0},{"not_picked":[],"picked":"Wallop+1","floor":31.0},{"not_picked":["Protect"],"picked":"SKIP","floor":35.0},{"not_picked":["Protect"],"picked":"SKIP","floor":38.0},{"not_picked":["FlurryOfBlows+1"],"picked":"SKIP","floor":39.0},{"not_picked":["Worship"],"picked":"SKIP","floor":42.0},{"not_picked":[],"picked":"EmptyBody+1","floor":44.0},{"not_picked":["JustLucky+1"],"picked":"SKIP","floor":48},{"not_picked":[],"picked":"ClearTheMind+1","floor":49}],"player_experience":178336,"relics_obtained":[{"floor":9.0,"key":"Bag of Marbles"},{"floor":11.0,"key":"MealTicket"},{"floor":25.0,"key":"Whetstone"},{"floor":26.0,"key":"Dream Catcher"},{"floor":43.0,"key":"Happy Flower"},{"floor":44.0,"key":"Peace Pipe"}],"event_choices":[{"damage_healed":0.0,"max_hp_gain":5.0,"max_hp_loss":0.0,"gold_gain":0.0,"event_name":"Big Fish","player_choice":"Donut","floor":2.0,"gold_loss":0.0,"damage_taken":0.0},{"damage_healed":0.0,"max_hp_gain":0.0,"max_hp_loss":0.0,"gold_gain":0.0,"event_name":"Upgrade Shrine","player_choice":"Upgraded","floor":4.0,"gold_loss":0.0,"damage_taken":0.0,"cards_upgraded":["Eruption"]},{"damage_healed":0.0,"max_hp_gain":0.0,"max_hp_loss":0.0,"gold_gain":0.0,"event_name":"Golden Idol","player_choice":"Take Damage","floor":12.0,"gold_loss":0.0,"damage_taken":17.0,"relics_obtained":["Golden Idol"]},{"damage_healed":0.0,"max_hp_gain":0.0,"max_hp_loss":0.0,"gold_gain":0.0,"event_name":"FaceTrader","player_choice":"Trade","floor":21.0,"gold_loss":0.0,"damage_taken":0.0,"relics_obtained":["CultistMask"]},{"cards_removed":["Perseverance"],"damage_healed":0.0,"max_hp_gain":0.0,"max_hp_loss":0.0,"gold_gain":0.0,"event_name":"WeMeetAgain","player_choice":"Gave Card","floor":29.0,"gold_loss":0.0,"damage_taken":0.0,"relics_obtained":["Molten Egg 2"]},{"damage_healed":0.0,"max_hp_gain":0.0,"max_hp_loss":0.0,"gold_gain":0.0,"event_name":"SecretPortal","player_choice":"Ignored","floor":37.0,"gold_loss":0.0,"damage_taken":0.0},{"damage_healed":0.0,"max_hp_gain":0.0,"max_hp_loss":0.0,"gold_gain":0.0,"event_name":"Mysterious Sphere","player_choice":"Fight","floor":44.0,"gold_loss":0.0,"damage_taken":0.0},{"damage_healed":61.0,"max_hp_gain":0.0,"max_hp_loss":9.0,"gold_gain":0.0,"event_name":"The Moai Head","player_choice":"Heal","floor":46.0,"gold_loss":0.0,"damage_taken":0.0}],"is_beta":false,"boss_relics":[{"not_picked":["Ectoplasm","Fusion Hammer"],"picked":"Busted Crown"},{"not_picked":["HolyWater","Black Star"],"picked":"Astrolabe"}],"items_purged_floors":[13,20,36],"is_endless":false,"potions_floor_spawned":[5,7,18,24,28,31,35,39,44],"ascension_level":8}