{"gold_per_floor":[111,130,130,130,150,150,176,176,176,189,114,143,68,88,88,160,160,174,86,86,99,111,144,144,163,163,63,82,96,456,31,31,105,105,122,31,31,46,46,46,61,61,61,94,109,123,123,153,153,153],"floor_reached":51,"playtime":3725,"items_purged":["Strike_P","Defend_P"],"score":1587,"play_id":"b51f342c-9734-43bd-8441-2856fa6785b7","local_time":"20211030223209","is_ascension_mode":true,"campfire_choices":[{"data":"Eruption","floor":6.0,"key":"SMITH"},{"data":"ForeignInfluence","floor":8.0,"key":"SMITH"},{"data":"Scrawl","floor":15.0,"key":"SMITH"},{"floor":32.0,"key":"REST"},{"data":"Corruption","floor":40.0,"key":"SMITH"},{"data":"Adaptation","floor":42.0,"key":"SMITH"},{"data":"Pommel Strike","floor":47.0,"key":"SMITH"},{"data":"Havoc","floor":49.0,"key":"SMITH"}],"neow_cost":"NONE","seed_source_timestamp":432292711614776,"circlet_count":0,"master_deck":["AscendersBane","Strike_P+1","Strike_P","Defend_P+1","Defend_P","Eruption+1","Vigilance","Finesse+1","BowlingBash","Scrawl+1","EmptyBody+1","Crescendo","ForeignInfluence+1","InnerPeace+1","LessonLearned","EmptyFist+1","Adaptation+1","ClearTheMind+1","Sanctity","DeusExMachina","BattleHymn","SandsOfTime","TalkToTheHand","Corruption+1","Pommel Strike+1","Purity","Havoc+1","Second Wind","Entrench"],"special_seed":0,"relics":["PureWater","Dead Branch","Unceasing Top","TungstenRod","VioletLotus","CloakClasp","Girya","Letter Opener","Sundial","PrismaticShard","Philosopher\u0027s Stone","GoldenEye","Pear","MealTicket"],"potions_floor_usage":[50],"damage_taken":[{"damage":3.0,"enemies":"Cultist","floor":1.0,"turns":4.0},{"damage":0.0,"enemies":"2 Louse","floor":2.0,"turns":2.0},{"damage":1.0,"enemies":"Jaw Worm","floor":5.0,"turns":4.0},{"damage":4.0,"enemies":"3 Sentries","floor":7.0,"turns":7.0},{"damage":0.0,"enemies":"Red Slaver","floor":10.0,"turns":1.0},{"damage":4.0,"enemies":"Lagavulin","floor":12.0,"turns":5.0},{"damage":0.0,"enemies":"2 Fungi Beasts","floor":14.0,"turns":2.0},{"damage":22.0,"enemies":"Hexaghost","floor":16.0,"turns":7.0},{"damage":6.0,"enemies":"Shell Parasite","floor":18.0,"turns":3.0},{"damage":0.0,"enemies":"Chosen","floor":21.0,"turns":4.0},{"damage":0.0,"enemies":"Centurion and Healer","floor":22.0,"turns":5.0},{"damage":0.0,"enemies":"Gremlin Leader","floor":23.0,"turns":7.0},{"damage":0.0,"enemies":"Shelled Parasite and Fungi","floor":25.0,"turns":3.0},{"damage":2.0,"enemies":"Snake Plant","floor":28.0,"turns":4.0},{"damage":8.0,"enemies":"Centurion and Healer","floor":29.0,"turns":7.0},{"damage":17.0,"enemies":"Automaton","floor":33.0,"turns":8.0},{"damage":0.0,"enemies":"3 Shapes","floor":35.0,"turns":1.0},{"damage":0.0,"enemies":"Orb Walker","floor":38.0,"turns":2.0},{"damage":0.0,"enemies":"Jaw Worm Horde","floor":41.0,"turns":3.0},{"damage":1.0,"enemies":"Nemesis","floor":44.0,"turns":3.0},{"damage":0.0,"enemies":"Spire Growth","floor":45.0,"turns":3.0},{"damage":0.0,"enemies":"Transient","floor":46.0,"turns":6.0},{"damage":0.0,"enemies":"Giant Head","floor":48.0,"turns":3.0},{"damage":0,"enemies":"Awakened One","floor":50,"turns":5}],"seed_played":"-7309828796666858274","potions_obtained":[{"floor":1.0,"key":"EssenceOfSteel"},{"floor":21.0,"key":"LiquidBronze"},{"floor":22.0,"key":"SmokeBomb"},{"floor":23.0,"key":"Weak Potion"},{"floor":29.0,"key":"DuplicationPotion"},{"floor":35.0,"key":"ColorlessPotion"},{"floor":41.0,"key":"DuplicationPotion"}],"is_trial":false,"path_per_floor":["M","M","?","?","M","R","E","R","T","M","$","E","?","M","R","B",null,"M","$","?","M","M","E","?","M","T","$","M","M","?","$","R","B",null,"M","$","?","M","$","R","M","R","T","E","M","M","R","E","R","B",null],"character_chosen":"WATCHER","items_purchased":["Adaptation","Sundial","PrismaticShard","Purity"],"campfire_rested":1,"item_purchase_floors":[19,31,31,36],"current_hp_per_floor":[58,58,58,58,57,57,53,53,53,53,53,49,49,49,49,27,58,52,52,52,52,52,52,52,52,52,52,50,42,11,11,31,14,55,55,55,55,55,55,55,55,55,55,64,64,64,64,64,64,64],"gold":153,"neow_bonus":"RANDOM_COLORLESS","is_prod":false,"is_daily":false,"chose_seed":false,"campfire_upgraded":7,"win_rate":0,"timestamp":1635604329,"path_taken":["M","?","?","?","?","R","E","R","T","M","$","E","?","M","R","BOSS","M","$","?","?","M","E","?","M","T","?","?","M","?","?","R","BOSS","M","$","?","?","?","R","?","R","T","E","M","M","R","E","R","BOSS"],"build_version":"2020-12-13","purchased_purges":2,"victory":true,"max_hp_per_floor":[68,68,68,68,68,68,68,68,68,68,68,68,68,68,68,68,68,68,68,68,68,68,68,68,68,68,68,68,68,68,68,68,68,68,68,68,68,68,68,68,68,68,68,78,78,78,78,78,78,78],"card_choices":[{"not_picked":["Trip","Swift Strike"],"picked":"Finesse","floor":0.0},{"not_picked":["SashWhip","Halt"],"picked":"BowlingBash","floor":1.0},{"not_picked":["ThirdEye","CutThroughFate"],"picked":"Scrawl","floor":2.0},{"not_picked":["CutThroughFate","BowlingBash"],"picked":"Crescendo","floor":5.0},{"not_picked":["ConjureBlade","Halt"],"picked":"ForeignInfluence","floor":7.0},{"not_picked":["Perseverance","Nirvana"],"picked":"Pray","floor":10.0},{"not_picked":["PathToVictory","JustLucky","BowlingBash"],"picked":"SKIP","floor":12.0},{"not_picked":["WreathOfFlame","CutThroughFate"],"picked":"InnerPeace","floor":14.0},{"not_picked":["Scrawl","MasterReality"],"picked":"LessonLearned","floor":16.0},{"not_picked":["Crescendo","CrushJoints"],"picked":"EmptyFist","floor":18.0},{"not_picked":["Collect+1","LikeWater"],"picked":"ClearTheMind","floor":21.0},{"not_picked":["JustLucky","FollowUp"],"picked":"Sanctity","floor":22.0},{"not_picked":["Evaluate","EmptyBody"],"picked":"DeusExMachina","floor":23.0},{"not_picked":["SashWhip","PathToVictory"],"picked":"SandsOfTime","floor":25.0},{"not_picked":["PathToVictory","Swivel"],"picked":"TalkToTheHand","floor":28.0},{"not_picked":["CrushJoints","JustLucky","LikeWater"],"picked":"SKIP","floor":29.0},{"not_picked":["Night Terror","Envenom"],"picked":"Corruption","floor":33.0},{"not_picked":["Fasting2","Catalyst"],"picked":"Pommel Strike","floor":35.0},{"not_picked":["FollowUp","Expertise","Redo"],"picked":"SKIP","floor":38.0},{"not_picked":["Genetic Algorithm","Twin Strike","Blind"],"picked":"SKIP","floor":41.0},{"not_picked":["All Out Attack+1","ClearTheMind+1"],"picked":"Havoc","floor":44.0},{"not_picked":["Deflect","Streamline+1"],"picked":"Second Wind","floor":45.0},{"not_picked":["PathToVictory","Dagger Spray","Masterful Stab+1"],"picked":"SKIP","floor":46.0},{"not_picked":["PathToVictory","Dagger Spray","Masterful Stab+1"],"picked":"SKIP","floor":46.0},{"not_picked":["Masterful Stab","Darkness"],"picked":"Entrench","floor":48.0}],"player_experience":204144,"relics_obtained":[{"floor":7.0,"key":"Dead Branch"},{"floor":9.0,"key":"Unceasing Top"},{"floor":12.0,"key":"TungstenRod"},{"floor":23.0,"key":"Girya"},{"floor":26.0,"key":"Letter Opener"},{"floor":43.0,"key":"GoldenEye"},{"floor":44.0,"key":"Pear"},{"floor":48.0,"key":"MealTicket"}],"event_choices":[{"damage_healed":0.0,"max_hp_gain":0.0,"max_hp_loss":0.0,"gold_gain":0.0,"event_name":"Shining Light","player_choice":"Ignored","floor":3.0,"gold_loss":0.0,"damage_taken":0.0},{"damage_healed":0.0,"max_hp_gain":0.0,"max_hp_loss":0.0,"gold_gain":0.0,"cards_transformed":["Defend_P"],"event_name":"Transmorgrifier","player_choice":"Transformed","floor":4.0,"gold_loss":0.0,"damage_taken":0.0,"cards_obtained":["EmptyBody"]},{"cards_removed":["Strike_P"],"damage_healed":0.0,"max_hp_gain":0.0,"max_hp_loss":0.0,"gold_gain":0.0,"event_name":"The Cleric","player_choice":"Card Removal","floor":13.0,"gold_loss":75.0,"damage_taken":0.0},{"cards_removed":["Pray"],"damage_healed":0.0,"max_hp_gain":0.0,"max_hp_loss":0.0,"gold_gain":0.0,"event_name":"WeMeetAgain","player_choice":"Gave Card","floor":20.0,"gold_loss":0.0,"damage_taken":0.0,"relics_obtained":["CloakClasp"]},{"damage_healed":0.0,"max_hp_gain":0.0,"max_hp_loss":0.0,"gold_gain":0.0,"event_name":"The Library","player_choice":"Read","floor":24.0,"gold_loss":0.0,"damage_taken":0.0,"cards_obtained":["BattleHymn"]},{"damage_healed":0.0,"max_hp_gain":0.0,"max_hp_loss":0.0,"gold_gain":360.0,"event_name":"Knowing Skull","player_choice":"GOLD GOLD GOLD GOLD ","floor":30.0,"potions_obtained":[],"gold_loss":0.0,"damage_taken":36.0,"cards_obtained":[]},{"damage_healed":0.0,"max_hp_gain":0.0,"max_hp_loss":0.0,"gold_gain":0.0,"event_name":"SecretPortal","player_choice":"Ignored","floor":37.0,"gold_loss":0.0,"damage_taken":0.0}],"is_beta":false,"boss_relics":[{"not_picked":["Tiny House","Ectoplasm"],"picked":"VioletLotus"},{"not_picked":["Coffee Dripper","Pandora\u0027s Box"],"picked":"Philosopher\u0027s Stone"}],"items_purged_floors":[11,27],"is_endless":false,"potions_floor_spawned":[1,21,22,23,29,35,41],"ascension_level":16}