{"gold_per_floor":[127,155,171,196,196,196,211,49,72,85,85,124,133,152,152,152],"floor_reached":16,"playtime":469,"items_purged":["Strike_P"],"score":208,"play_id":"58dc36fc-da86-4880-8498-681d502d1b50","local_time":"20211031201146","is_ascension_mode":true,"campfire_choices":[{"data":"Eruption","floor":6.0,"key":"SMITH"},{"floor":11.0,"key":"REST"},{"floor":15.0,"key":"REST"}],"neow_cost":"NONE","seed_source_timestamp":468546679247913,"circlet_count":0,"master_deck":["AscendersBane","Strike_P","Defend_P","Defend_P","Defend_P","Defend_P","Eruption+1","Vigilance","CurseOfTheBell","SignatureMove","Adaptation","BowlingBash","Purity","Pray","Wish","ClearTheMind"],"special_seed":0,"relics":["Calling Bell","CeramicFish","Letter Opener","TungstenRod","PreservedInsect","Potion Belt"],"potions_floor_usage":[16],"damage_taken":[{"damage":22.0,"enemies":"Cultist","floor":1.0,"turns":4.0},{"damage":4.0,"enemies":"Small Slimes","floor":2.0,"turns":8.0},{"damage":5.0,"enemies":"2 Louse","floor":3.0,"turns":3.0},{"damage":0.0,"enemies":"Looter","floor":4.0,"turns":4.0},{"damage":10.0,"enemies":"Exordium Wildlife","floor":7.0,"turns":4.0},{"damage":18.0,"enemies":"Lots of Slimes","floor":10.0,"turns":3.0},{"damage":15.0,"enemies":"Gremlin Nob","floor":12.0,"turns":3.0},{"damage":2.0,"enemies":"Red Slaver","floor":14.0,"turns":3.0},{"damage":42,"enemies":"The Guardian","floor":16,"turns":5}],"seed_played":"608947841337434581","potions_obtained":[{"floor":3.0,"key":"Block Potion"},{"floor":4.0,"key":"SkillPotion"},{"floor":14.0,"key":"Regen Potion"}],"is_trial":false,"path_per_floor":["M","M","M","M","?","R","M","$","T","M","R","E","?","M","R","B"],"character_chosen":"WATCHER","items_purchased":["Purity"],"campfire_rested":2,"item_purchase_floors":[8],"current_hp_per_floor":[39,35,30,30,30,30,20,20,20,2,22,7,7,5,25,0],"gold":152,"neow_bonus":"BOSS_RELIC","is_prod":false,"is_daily":false,"chose_seed":false,"campfire_upgraded":1,"win_rate":0,"timestamp":1635682306,"path_taken":["M","?","M","M","?","R","?","$","T","M","R","E","?","M","R","BOSS"],"build_version":"2020-12-13","purchased_purges":1,"victory":false,"max_hp_per_floor":[68,68,68,68,68,68,68,68,68,68,68,68,68,68,68,68],"card_choices":[{"not_picked":["Consecrate","CutThroughFate"],"picked":"SignatureMove","floor":1.0},{"not_picked":["FlyingSleeves","FlurryOfBlows"],"picked":"Adaptation","floor":2.0},{"not_picked":["ClearTheMind","JustLucky","ForeignInfluence"],"picked":"SKIP","floor":3.0},{"not_picked":["Vengeance","Halt"],"picked":"BowlingBash","floor":4.0},{"not_picked":["FollowUp","Collect","Vengeance"],"picked":"SKIP","floor":7.0},{"not_picked":["Prostrate","CarveReality","Vengeance"],"picked":"SKIP","floor":10.0},{"not_picked":["CrushJoints","ThirdEye"],"picked":"Pray","floor":12.0},{"not_picked":["CutThroughFate","Consecrate"],"picked":"ClearTheMind","floor":14.0}],"player_experience":220383,"relics_obtained":[{"floor":0.0,"key":"CeramicFish"},{"floor":0.0,"key":"Letter Opener"},{"floor":0.0,"key":"TungstenRod"},{"floor":9.0,"key":"PreservedInsect"},{"floor":12.0,"key":"Potion Belt"}],"event_choices":[{"cards_removed":["Strike_P"],"damage_healed":0.0,"max_hp_gain":0.0,"max_hp_loss":0.0,"gold_gain":0.0,"event_name":"Bonfire Elementals","player_choice":"Offered Basic","floor":5.0,"gold_loss":0.0,"damage_taken":0.0},{"damage_healed":0.0,"max_hp_gain":0.0,"max_hp_loss":0.0,"gold_gain":0.0,"cards_transformed":["Strike_P"],"event_name":"Living Wall","player_choice":"Change","floor":13.0,"gold_loss":0.0,"damage_taken":0.0,"cards_obtained":["Wish"]}],"is_beta":false,"boss_relics":[],"items_purged_floors":[8],"is_endless":false,"potions_floor_spawned":[3,4,14],"killed_by":"The Guardian","ascension_level":20}