{"gold_per_floor":[116,116,131,56,71,99,99,24,51,61,61,61,95,16,16,90,90,108,108,33,45,61,95,95,95,176,190,190,218,218,253,253,253],"floor_reached":33,"playtime":1086,"items_purged":["Pain"],"score":672,"play_id":"9c2bfce4-151e-44b3-8639-5153e2c42106","local_time":"20211031205243","is_ascension_mode":true,"campfire_choices":[{"floor":7.0,"key":"REST"},{"data":"Eruption","floor":11.0,"key":"SMITH"},{"floor":15.0,"key":"REST"},{"data":"Ragnarok","floor":24,"key":"SMITH"},{"data":"TalkToTheHand","floor":28,"key":"SMITH"},{"data":"WheelKick","floor":30,"key":"SMITH"},{"floor":32,"key":"REST"}],"neow_cost":"NONE","seed_source_timestamp":470502022937127,"circlet_count":0,"master_deck":["AscendersBane","Strike_P","Strike_P","Strike_P","Defend_P","Defend_P","Defend_P","Eruption+1","Vigilance","InnerPeace","EmptyFist","TalkToTheHand+1","Ragnarok+1","WheelKick+1","Adaptation","DeusExMachina","Crescendo","Tantrum","Protect","Adaptation"],"special_seed":0,"relics":["Runic Dome","WarpedTongs","Happy Flower","Omamori","Ornamental Fan","Ice Cream","Snecko Eye","Juzu Bracelet","Mummified Hand","Kunai","Oddly Smooth Stone"],"potions_floor_usage":[23],"damage_taken":[{"damage":2.0,"enemies":"2 Louse","floor":1.0,"turns":4.0},{"damage":8.0,"enemies":"Cultist","floor":3.0,"turns":4.0},{"damage":20.0,"enemies":"Small Slimes","floor":5.0,"turns":2.0},{"damage":27.0,"enemies":"3 Sentries","floor":6.0,"turns":5.0},{"damage":4.0,"enemies":"2 Fungi Beasts","floor":10.0,"turns":2.0},{"damage":5.0,"enemies":"Gremlin Nob","floor":13.0,"turns":3.0},{"damage":12.0,"enemies":"The Guardian","floor":16.0,"turns":6.0},{"damage":6.0,"enemies":"3 Byrds","floor":18.0,"turns":4.0},{"damage":0.0,"enemies":"Spheric Guardian","floor":21.0,"turns":2.0},{"damage":0.0,"enemies":"3 Cultists","floor":22.0,"turns":3.0},{"damage":8,"enemies":"Slavers","floor":23,"turns":2},{"damage":0,"enemies":"Cultist and Chosen","floor":27,"turns":2},{"damage":4,"enemies":"Book of Stabbing","floor":29,"turns":4},{"damage":0,"enemies":"Gremlin Leader","floor":31,"turns":3},{"damage":81,"enemies":"Champ","floor":33,"turns":6}],"seed_played":"-2152557820614306351","potions_obtained":[{"floor":1.0,"key":"PowerPotion"},{"floor":3.0,"key":"Fire Potion"},{"floor":10.0,"key":"BlessingOfTheForge"},{"floor":23,"key":"Fire Potion"}],"is_trial":false,"path_per_floor":["M","?","M","$","M","E","R","?","T","M","R","?","E","$","R","B",null,"M","?","?","M","M","E","R","$","T","M","R","E","R","E","R","B"],"character_chosen":"WATCHER","items_purchased":["Adaptation"],"campfire_rested":3,"item_purchase_floors":[14],"current_hp_per_floor":[59,59,51,51,31,4,24,24,24,20,20,20,15,15,35,23,57,51,51,51,51,51,43,43,43,43,43,43,39,39,39,59,0],"gold":253,"neow_bonus":"BOSS_RELIC","is_prod":false,"is_daily":false,"chose_seed":false,"campfire_upgraded":4,"win_rate":0,"timestamp":1635684763,"path_taken":["M","?","?","?","M","E","R","?","T","M","R","?","E","$","R","BOSS","M","?","?","M","?","E","R","?","T","M","R","E","R","E","R","BOSS"],"build_version":"2020-12-13","purchased_purges":1,"victory":false,"max_hp_per_floor":[68,68,68,68,68,68,68,68,68,68,68,68,68,68,68,68,68,68,68,68,68,68,68,68,68,68,68,68,68,68,68,68,68],"card_choices":[{"not_picked":["Worship","WindmillStrike"],"picked":"InnerPeace","floor":1.0},{"not_picked":["SashWhip","FlyingSleeves"],"picked":"EmptyFist","floor":3.0},{"not_picked":["Halt","Meditate"],"picked":"TalkToTheHand","floor":5.0},{"not_picked":["TalkToTheHand","Crescendo"],"picked":"Ragnarok","floor":6.0},{"not_picked":["EmptyFist","CutThroughFate","FlyingSleeves"],"picked":"SKIP","floor":10.0},{"not_picked":["Consecrate","Nirvana"],"picked":"WheelKick","floor":13.0},{"not_picked":["ConjureBlade","MasterReality"],"picked":"DeusExMachina","floor":16.0},{"not_picked":["SashWhip","Conclude"],"picked":"Crescendo","floor":18.0},{"not_picked":["Conclude","FlurryOfBlows","Evaluate"],"picked":"SKIP","floor":21.0},{"not_picked":["Collect","PathToVictory+1"],"picked":"Tantrum","floor":22.0},{"not_picked":["ClearTheMind","Conclude","WindmillStrike"],"picked":"SKIP","floor":23},{"not_picked":["Meditate","EmptyFist+1"],"picked":"Protect","floor":27},{"not_picked":["ReachHeaven","FlurryOfBlows","Indignation"],"picked":"SKIP","floor":29},{"not_picked":["EmptyBody","WaveOfTheHand"],"picked":"Adaptation","floor":31}],"player_experience":221757,"relics_obtained":[{"floor":6.0,"key":"Happy Flower"},{"floor":9.0,"key":"Omamori"},{"floor":13.0,"key":"Ice Cream"},{"floor":23,"key":"Juzu Bracelet"},{"floor":26,"key":"Mummified Hand"},{"floor":29,"key":"Kunai"},{"floor":31,"key":"Oddly Smooth Stone"}],"event_choices":[{"damage_healed":0.0,"max_hp_gain":0.0,"max_hp_loss":0.0,"gold_gain":0.0,"event_name":"Accursed Blacksmith","player_choice":"Rummage","floor":2.0,"gold_loss":0.0,"damage_taken":0.0,"relics_obtained":["WarpedTongs"],"cards_obtained":["Pain"]},{"cards_removed":["Defend_P"],"damage_healed":0.0,"max_hp_gain":0.0,"max_hp_loss":0.0,"gold_gain":0.0,"event_name":"The Cleric","player_choice":"Card Removal","floor":8.0,"gold_loss":75.0,"damage_taken":0.0},{"damage_healed":0.0,"max_hp_gain":0.0,"max_hp_loss":0.0,"gold_gain":0.0,"event_name":"Big Fish","player_choice":"Box","floor":12.0,"gold_loss":0.0,"damage_taken":0.0,"relics_obtained":["Ornamental Fan"],"cards_obtained":["Regret"]},{"damage_healed":0.0,"max_hp_gain":0.0,"max_hp_loss":0.0,"gold_gain":0.0,"event_name":"Forgotten Altar","player_choice":"Smashed Altar","floor":19.0,"gold_loss":0.0,"damage_taken":0.0,"cards_obtained":["Decay"]},{"cards_removed":["Strike_P"],"damage_healed":0.0,"max_hp_gain":0.0,"max_hp_loss":0.0,"gold_gain":0.0,"event_name":"Designer","player_choice":"Single Remove","floor":20.0,"gold_loss":75.0,"damage_taken":0.0}],"is_beta":false,"boss_relics":[{"not_picked":["Calling Bell","Coffee Dripper"],"picked":"Snecko Eye"}],"items_purged_floors":[4],"is_endless":false,"potions_floor_spawned":[1,3,5,10,21,22,23,27],"killed_by":"Champ","ascension_level":20}