{"gold_per_floor":[117,130,207,98,114,144,144,144,144,171,171,188,8,23,23,120,120,132,143,68,68,80,110,110,125,150,65,115,125,140,140],"floor_reached":31,"playtime":1209,"items_purged":["Defend_P","Strike_P"],"score":374,"play_id":"6770365b-5aa7-460b-ad15-7fadd69ed70e","local_time":"20211023225332","is_ascension_mode":true,"campfire_choices":[{"floor":7.0,"key":"REST"},{"data":"Eruption","floor":11.0,"key":"SMITH"},{"floor":15.0,"key":"REST"},{"data":"Study","floor":24.0,"key":"SMITH"}],"neow_cost":"NONE","seed_source_timestamp":12806175242733,"circlet_count":0,"master_deck":["Strike_P","Strike_P","Defend_P","Defend_P","Defend_P","Eruption+1","Vigilance","ForeignInfluence","BowlingBash","Wallop","Devotion","WindmillStrike","EmptyFist","TalkToTheHand","Pray","Brilliance","ClearTheMind","DevaForm","Study+1","EmptyMind","Perseverance"],"special_seed":0,"relics":["PureWater","NeowsBlessing","Gremlin Horn","Pantograph","White Beast Statue","Torii","Ginger","SlaversCollar","Matryoshka","Centennial Puzzle","Akabeko","Frozen Egg 2"],"potions_floor_usage":[31],"damage_taken":[{"damage":0.0,"enemies":"Cultist","floor":1.0,"turns":1.0},{"damage":0.0,"enemies":"Jaw Worm","floor":2.0,"turns":1.0},{"damage":0.0,"enemies":"2 Louse","floor":5.0,"turns":1.0},{"damage":30.0,"enemies":"Lagavulin","floor":6.0,"turns":5.0},{"damage":35.0,"enemies":"Gremlin Nob","floor":10.0,"turns":5.0},{"damage":0.0,"enemies":"2 Fungi Beasts","floor":12.0,"turns":2.0},{"damage":1.0,"enemies":"Large Slime","floor":14.0,"turns":4.0},{"damage":30.0,"enemies":"Hexaghost","floor":16.0,"turns":10.0},{"damage":1.0,"enemies":"Shell Parasite","floor":18.0,"turns":3.0},{"damage":19.0,"enemies":"2 Thieves","floor":19.0,"turns":3.0},{"damage":1.0,"enemies":"Centurion and Healer","floor":22.0,"turns":6.0},{"damage":2.0,"enemies":"Book of Stabbing","floor":23.0,"turns":5.0},{"damage":13.0,"enemies":"Shelled Parasite and Fungi","floor":25.0,"turns":4.0},{"damage":0.0,"enemies":"3 Cultists","floor":29.0,"turns":2.0},{"damage":12.0,"enemies":"Chosen and Byrds","floor":30.0,"turns":6.0},{"damage":17,"enemies":"Snake Plant","floor":31,"turns":1}],"seed_played":"-6161580572079754410","potions_obtained":[{"floor":1.0,"key":"Weak Potion"},{"floor":5.0,"key":"Dexterity Potion"},{"floor":6.0,"key":"EntropicBrew"},{"floor":10.0,"key":"LiquidBronze"},{"floor":12.0,"key":"Energy Potion"},{"floor":14.0,"key":"Weak Potion"},{"floor":19.0,"key":"Weak Potion"},{"floor":22.0,"key":"ColorlessPotion"},{"floor":23.0,"key":"Ambrosia"},{"floor":25.0,"key":"Swift Potion"},{"floor":29.0,"key":"Dexterity Potion"},{"floor":30.0,"key":"Ancient Potion"}],"is_trial":false,"path_per_floor":["M","M","T","$","M","E","R","T","T","E","R","M","$","M","R","B",null,"M","M","?","?","M","E","R","M","T","?","?","M","M","M"],"character_chosen":"WATCHER","items_purchased":["Wallop","TalkToTheHand"],"campfire_rested":2,"item_purchase_floors":[4,13],"current_hp_per_floor":[65,65,65,65,65,35,56,56,56,21,21,21,21,20,41,36,63,62,43,43,43,42,40,40,27,27,27,27,27,15,0],"gold":140,"neow_bonus":"THREE_ENEMY_KILL","is_prod":false,"is_daily":false,"chose_seed":false,"campfire_upgraded":2,"win_rate":0,"timestamp":1635000812,"path_taken":["M","?","?","$","?","E","R","?","T","E","R","M","$","M","R","BOSS","M","M","?","?","M","E","R","M","T","?","?","?","M","M"],"build_version":"2020-12-13","purchased_purges":2,"victory":false,"max_hp_per_floor":[72,72,72,72,72,72,72,72,72,72,72,72,72,72,72,72,72,72,72,72,72,72,72,72,72,72,72,72,72,72,72],"card_choices":[{"not_picked":["SashWhip","WreathOfFlame"],"picked":"ForeignInfluence","floor":1.0},{"not_picked":["BowlingBash","WaveOfTheHand","FlyingSleeves"],"picked":"SKIP","floor":2.0},{"not_picked":["WaveOfTheHand","FlyingSleeves"],"picked":"BowlingBash","floor":2.0},{"not_picked":["Halt","JustLucky"],"picked":"Devotion","floor":5.0},{"not_picked":["BowlingBash","Vengeance","FlurryOfBlows"],"picked":"SKIP","floor":6.0},{"not_picked":["Collect","Nirvana"],"picked":"WindmillStrike","floor":10.0},{"not_picked":["Collect","Perseverance"],"picked":"EmptyFist","floor":12.0},{"not_picked":["Worship","PathToVictory"],"picked":"Pray","floor":14.0},{"not_picked":["SpiritShield","Alpha"],"picked":"Brilliance","floor":16.0},{"not_picked":["PathToVictory","CrushJoints+1"],"picked":"ClearTheMind","floor":18.0},{"not_picked":["FollowUp","PathToVictory"],"picked":"DevaForm","floor":19.0},{"not_picked":["ClearTheMind","CarveReality"],"picked":"Study","floor":22.0},{"not_picked":["EmptyBody","ThirdEye"],"picked":"EmptyMind","floor":23.0},{"not_picked":["FlurryOfBlows","BowlingBash","CutThroughFate+1"],"picked":"SKIP","floor":25.0},{"not_picked":["BowlingBash","ReachHeaven"],"picked":"Perseverance","floor":29.0},{"not_picked":["FlyingSleeves","PathToVictory+1","Judgement"],"picked":"SKIP","floor":30.0}],"player_experience":177127,"relics_obtained":[{"floor":3.0,"key":"Gremlin Horn"},{"floor":6.0,"key":"Pantograph"},{"floor":8.0,"key":"White Beast Statue"},{"floor":9.0,"key":"Torii"},{"floor":10.0,"key":"Ginger"},{"floor":23.0,"key":"Matryoshka"},{"floor":26.0,"key":"Centennial Puzzle"},{"floor":26.0,"key":"Akabeko"}],"event_choices":[{"cards_removed":["Strike_P"],"damage_healed":0.0,"max_hp_gain":0.0,"max_hp_loss":0.0,"gold_gain":0.0,"event_name":"Beggar","player_choice":"Gave Gold","floor":20.0,"gold_loss":75.0,"damage_taken":0.0},{"damage_healed":0.0,"max_hp_gain":0.0,"max_hp_loss":0.0,"gold_gain":0.0,"event_name":"Vampires","player_choice":"Ignored","floor":21.0,"gold_loss":0.0,"damage_taken":0.0},{"damage_healed":0.0,"max_hp_gain":0.0,"max_hp_loss":0.0,"gold_gain":0.0,"event_name":"Addict","player_choice":"Obtained Relic","floor":27.0,"gold_loss":85.0,"damage_taken":0.0,"relics_obtained":["Frozen Egg 2"]},{"damage_healed":0.0,"max_hp_gain":0.0,"max_hp_loss":0.0,"gold_gain":100.0,"event_name":"The Joust","player_choice":"Bet on Murderer","floor":28.0,"gold_loss":50.0,"damage_taken":0.0}],"is_beta":false,"boss_relics":[{"not_picked":["Ectoplasm","Busted Crown"],"picked":"SlaversCollar"}],"items_purged_floors":[4,13],"is_endless":false,"potions_floor_spawned":[1,5,6,10,12,14,16,18,19,22,23,25,29,30],"killed_by":"Snake Plant","ascension_level":8}