{"gold_per_floor":[359,359,375,388,168,168,209,209,209,233,83,83,83,107,107,231,231,256,256,256,131,155,198,198,222,222,222,246,586,289,332,332,457,457,475,498,179,242,242,242,280,280,280,313,329,135,155,168,168,168],"floor_reached":51,"playtime":2658,"items_purged":["Normality","Strike_P","Strike_P","Defend_P","Defend_P"],"score":1145,"play_id":"cc76769c-b8ee-418b-818d-214be36b3b1f","local_time":"20211024004759","is_ascension_mode":true,"campfire_choices":[{"data":"Eruption","floor":6.0,"key":"SMITH"},{"floor":15.0,"key":"REST"},{"data":"Vault","floor":24.0,"key":"SMITH"},{"data":"EmptyMind","floor":27.0,"key":"SMITH"},{"floor":32.0,"key":"REST"},{"data":"Wallop","floor":40.0,"key":"SMITH"},{"data":"PathToVictory","floor":42.0,"key":"SMITH"},{"data":"EmptyBody","floor":49,"key":"SMITH"}],"neow_cost":"CURSE","seed_source_timestamp":18353525643059,"circlet_count":0,"master_deck":["Eruption+1","Vigilance","PathToVictory+1","WindmillStrike","EmptyMind+1","Wallop+1","PathToVictory+1","Vault+1","JustLucky+1","Adaptation+1","SandsOfTime+1","EmptyBody+1","SandsOfTime+1","ClearTheMind","PathToVictory","Study+1","Protect+1","Alpha","Secret Weapon","Halt+1","CutThroughFate+1"],"special_seed":0,"relics":["PureWater","Golden Idol","Bag of Preparation","Pear","Centennial Puzzle","StoneCalendar","Astrolabe","Letter Opener","Old Coin","Orichalcum","Girya","Philosopher\u0027s Stone","PreservedInsect","Bird Faced Urn","Vajra","Frozen Egg 2","MealTicket"],"potions_floor_usage":[50,50],"damage_taken":[{"damage":0.0,"enemies":"Small Slimes","floor":1.0,"turns":2.0},{"damage":12.0,"enemies":"Jaw Worm","floor":3.0,"turns":3.0},{"damage":14.0,"enemies":"2 Louse","floor":4.0,"turns":2.0},{"damage":30.0,"enemies":"Lagavulin","floor":7.0,"turns":5.0},{"damage":0.0,"enemies":"Large Slime","floor":10.0,"turns":3.0},{"damage":0.0,"enemies":"Exordium Thugs","floor":14.0,"turns":4.0},{"damage":16.0,"enemies":"The Guardian","floor":16.0,"turns":8.0},{"damage":4.0,"enemies":"Shell Parasite","floor":18.0,"turns":4.0},{"damage":3.0,"enemies":"Spheric Guardian","floor":22.0,"turns":4.0},{"damage":2.0,"enemies":"Gremlin Leader","floor":23.0,"turns":6.0},{"damage":0.0,"enemies":"Snake Plant","floor":25.0,"turns":3.0},{"damage":2.0,"enemies":"3 Cultists","floor":28.0,"turns":4.0},{"damage":14.0,"enemies":"Slavers","floor":29.0,"turns":5.0},{"damage":16.0,"enemies":"Book of Stabbing","floor":31.0,"turns":5.0},{"damage":32.0,"enemies":"Champ","floor":33.0,"turns":6.0},{"damage":3.0,"enemies":"3 Darklings","floor":35.0,"turns":4.0},{"damage":0.0,"enemies":"Orb Walker","floor":36.0,"turns":2.0},{"damage":0.0,"enemies":"Mind Bloom Boss Battle","floor":38.0,"turns":5.0},{"damage":9.0,"enemies":"Reptomancer","floor":41.0,"turns":4.0},{"damage":28.0,"enemies":"Nemesis","floor":44.0,"turns":4.0},{"damage":0.0,"enemies":"Maw","floor":45.0,"turns":5.0},{"damage":0.0,"enemies":"Transient","floor":47.0,"turns":6.0},{"damage":0.0,"enemies":"3 Darklings","floor":48.0,"turns":3.0},{"damage":39,"enemies":"Awakened One","floor":50,"turns":9}],"seed_played":"2518832450867004139","potions_obtained":[{"floor":1.0,"key":"FairyPotion"},{"floor":14.0,"key":"SpeedPotion"},{"floor":16.0,"key":"SteroidPotion"},{"floor":23.0,"key":"Energy Potion"},{"floor":25.0,"key":"StancePotion"},{"floor":28.0,"key":"Dexterity Potion"},{"floor":33.0,"key":"Fire Potion"},{"floor":35.0,"key":"Fire Potion"}],"is_trial":false,"path_per_floor":["M","?","M","M","$","R","E","?","T","M","$","$","T","M","R","B",null,"M","?","?","$","M","E","R","M","T","R","M","E","$","E","R","B",null,"M","M","$","?","?","R","E","R","T","E","M","$","M","M","R","B",null],"character_chosen":"WATCHER","items_purchased":["Bag of Preparation","PathToVictory","Orichalcum","PreservedInsect","Secret Weapon"],"campfire_rested":2,"item_purchase_floors":[5,11,30,37,46],"current_hp_per_floor":[65,65,53,39,39,39,19,12,12,12,12,12,12,12,35,19,63,59,59,59,59,56,54,54,54,54,54,52,38,38,22,45,13,61,58,58,58,58,58,58,53,53,53,29,35,50,54,58,58,23],"gold":168,"neow_bonus":"TWO_FIFTY_GOLD","is_prod":false,"is_daily":false,"chose_seed":false,"campfire_upgraded":6,"win_rate":0,"timestamp":1635007679,"path_taken":["M","?","M","M","$","R","E","?","T","M","$","?","?","M","R","BOSS","M","?","?","$","M","E","R","?","T","R","?","E","$","E","R","BOSS","M","M","?","?","?","R","E","R","T","E","M","$","M","?","R","BOSS"],"build_version":"2020-12-13","purchased_purges":5,"victory":true,"max_hp_per_floor":[72,67,67,67,67,67,77,77,77,77,77,77,77,77,77,77,77,77,77,77,77,77,77,77,77,77,77,77,77,77,77,77,77,77,77,77,77,77,77,77,77,77,77,77,77,77,77,77,77,77],"card_choices":[{"not_picked":["EmptyBody","Pray"],"picked":"PathToVictory","floor":1.0},{"not_picked":["ThirdEye","Protect"],"picked":"WindmillStrike","floor":3.0},{"not_picked":["CrushJoints","ThirdEye"],"picked":"EmptyMind","floor":4.0},{"not_picked":["ThirdEye","Consecrate"],"picked":"Wallop","floor":7.0},{"not_picked":["Halt","FollowUp","EmptyBody"],"picked":"SKIP","floor":10.0},{"not_picked":["ReachHeaven","SashWhip"],"picked":"EmptyFist","floor":14.0},{"not_picked":["SpiritShield","Blasphemy"],"picked":"Vault","floor":16.0},{"not_picked":["WaveOfTheHand","SandsOfTime+1"],"picked":"EmptyBody","floor":18.0},{"not_picked":["EmptyBody","JustLucky"],"picked":"SandsOfTime+1","floor":22.0},{"not_picked":["Collect","LikeWater"],"picked":"ClearTheMind","floor":23.0},{"not_picked":["Crescendo+1","ClearTheMind"],"picked":"PathToVictory","floor":25.0},{"not_picked":["Wireheading","WindmillStrike","EmptyFist"],"picked":"SKIP","floor":28.0},{"not_picked":["Collect","WreathOfFlame+1"],"picked":"Study+1","floor":29.0},{"not_picked":["SashWhip","LikeWater"],"picked":"Protect+1","floor":31.0},{"not_picked":["Judgement","Scrawl"],"picked":"Alpha","floor":33.0},{"not_picked":["ThirdEye+1","EmptyBody","Conclude+1"],"picked":"SKIP","floor":35.0},{"not_picked":["SashWhip+1","MentalFortress","Judgement"],"picked":"SKIP","floor":36.0},{"not_picked":["Indignation","ThirdEye+1","FollowUp+1"],"picked":"SKIP","floor":41.0},{"not_picked":["Indignation","ThirdEye+1","FollowUp+1"],"picked":"SKIP","floor":41.0},{"not_picked":["Evaluate","Halt+1","WindmillStrike"],"picked":"SKIP","floor":44.0},{"not_picked":["Alpha","FlyingSleeves","EmptyBody"],"picked":"SKIP","floor":45.0},{"not_picked":["SandsOfTime+1","ClearTheMind"],"picked":"Halt+1","floor":47.0},{"not_picked":["SashWhip","MentalFortress+1"],"picked":"CutThroughFate+1","floor":48.0}],"player_experience":180702,"relics_obtained":[{"floor":7.0,"key":"Pear"},{"floor":9.0,"key":"Centennial Puzzle"},{"floor":13.0,"key":"StoneCalendar"},{"floor":26.0,"key":"Letter Opener"},{"floor":29.0,"key":"Old Coin"},{"floor":31.0,"key":"Girya"},{"floor":38.0,"key":"Bird Faced Urn"},{"floor":41.0,"key":"Vajra"},{"floor":43.0,"key":"Frozen Egg 2"},{"floor":44.0,"key":"MealTicket"}],"event_choices":[{"damage_healed":0.0,"max_hp_gain":0.0,"max_hp_loss":5.0,"gold_gain":0.0,"event_name":"Golden Idol","player_choice":"Lose Max HP","floor":2.0,"gold_loss":0.0,"damage_taken":0.0,"relics_obtained":["Golden Idol"]},{"cards_removed":["Defend_P"],"damage_healed":0.0,"max_hp_gain":0.0,"max_hp_loss":0.0,"gold_gain":0.0,"event_name":"Golden Wing","player_choice":"Card Removal","floor":8.0,"gold_loss":0.0,"damage_taken":7.0},{"cards_removed":["Strike_P"],"damage_healed":0.0,"max_hp_gain":0.0,"max_hp_loss":0.0,"gold_gain":0.0,"event_name":"Back to Basics","player_choice":"Elegance","floor":19.0,"gold_loss":0.0,"damage_taken":0.0},{"damage_healed":0.0,"max_hp_gain":0.0,"max_hp_loss":0.0,"gold_gain":0.0,"event_name":"Vampires","player_choice":"Ignored","floor":20.0,"gold_loss":0.0,"damage_taken":0.0},{"damage_healed":0.0,"max_hp_gain":0.0,"max_hp_loss":0.0,"gold_gain":0.0,"event_name":"MindBloom","player_choice":"Fight","floor":38.0,"gold_loss":0.0,"damage_taken":0.0},{"damage_healed":0.0,"max_hp_gain":0.0,"max_hp_loss":0.0,"gold_gain":0.0,"event_name":"Upgrade Shrine","player_choice":"Upgraded","floor":39.0,"gold_loss":0.0,"damage_taken":0.0,"cards_upgraded":["PathToVictory"]}],"is_beta":false,"boss_relics":[{"not_picked":["Cursed Key","Fusion Hammer"],"picked":"Astrolabe"},{"not_picked":["Black Star","SlaversCollar"],"picked":"Philosopher\u0027s Stone"}],"items_purged_floors":[5,11,21,30,37],"is_endless":false,"potions_floor_spawned":[1,14,16,23,25,28,33,35,36,41,47],"ascension_level":9}