{"gold_per_floor":[111,111,111,36,47,372,392,392,392,392,467,467,467,493,493,571,571,584,405,69,69,85,85,85],"floor_reached":24,"playtime":756,"items_purged":["Decay","Strike_P","Strike_P"],"score":536,"play_id":"e6290ad9-1365-43fd-9a69-1232043320b8","local_time":"20211031152144","is_ascension_mode":true,"campfire_choices":[{"data":"Eruption","floor":8.0,"key":"SMITH"},{"data":"Wallop","floor":10.0,"key":"SMITH"},{"floor":15.0,"key":"REST"},{"data":"Apotheosis","floor":23,"key":"SMITH"}],"neow_cost":"NONE","seed_source_timestamp":462655798588432,"circlet_count":0,"master_deck":["AscendersBane","Strike_P","Strike_P","Defend_P","Defend_P","Eruption+1","Vigilance","Wallop+1","CutThroughFate","Meditate","BattleHymn+1","Alpha","Ragnarok","EmptyFist","Adaptation","Apotheosis+1","Vault","DeceiveReality"],"special_seed":0,"relics":["PureWater","NeowsBlessing","Old Coin","Mercury Hourglass","Art of War","Coffee Dripper"],"potions_floor_usage":[18],"damage_taken":[{"damage":0.0,"enemies":"Jaw Worm","floor":1.0,"turns":1.0},{"damage":0.0,"enemies":"Small Slimes","floor":5.0,"turns":1.0},{"damage":0.0,"enemies":"3 Sentries","floor":6.0,"turns":1.0},{"damage":0.0,"enemies":"Cultist","floor":7.0,"turns":2.0},{"damage":8.0,"enemies":"Gremlin Nob","floor":14.0,"turns":3.0},{"damage":0.0,"enemies":"Slime Boss","floor":16.0,"turns":4.0},{"damage":17,"enemies":"2 Thieves","floor":18,"turns":2},{"damage":15,"enemies":"Shell Parasite","floor":22,"turns":5},{"damage":62,"enemies":"Shelled Parasite and Fungi","floor":24,"turns":4}],"seed_played":"-6337824242753814932","potions_obtained":[{"floor":5.0,"key":"Ancient Potion"},{"floor":16.0,"key":"StancePotion"}],"is_trial":false,"path_per_floor":["M","?","?","$","M","E","M","R","T","R","?","?","?","E","R","B",null,"M","$","$","?","M","R","M"],"character_chosen":"WATCHER","items_purchased":["Adaptation","Apotheosis"],"campfire_rested":1,"item_purchase_floors":[19,20],"current_hp_per_floor":[61,54,54,54,54,54,54,54,54,54,43,48,48,40,61,61,70,53,53,53,53,38,38,0],"gold":85,"neow_bonus":"THREE_ENEMY_KILL","is_prod":false,"is_daily":false,"chose_seed":false,"campfire_upgraded":3,"win_rate":0,"timestamp":1635664904,"path_taken":["M","?","?","$","M","E","?","R","T","R","?","?","?","E","R","BOSS","M","?","$","?","M","R","M"],"build_version":"2020-12-13","purchased_purges":3,"victory":false,"max_hp_per_floor":[68,68,68,68,68,68,68,68,68,68,68,73,73,73,73,73,73,73,73,73,73,73,73,73],"card_choices":[{"not_picked":["EmptyBody","FollowUp"],"picked":"Wallop","floor":1.0},{"not_picked":["JustLucky","FlurryOfBlows"],"picked":"CutThroughFate","floor":5.0},{"not_picked":["SashWhip","Halt"],"picked":"Meditate","floor":6.0},{"not_picked":["ThirdEye","Protect"],"picked":"BattleHymn","floor":7.0},{"not_picked":["WaveOfTheHand","BowlingBash"],"picked":"Alpha","floor":14.0},{"not_picked":["DeusExMachina","SpiritShield"],"picked":"Ragnarok","floor":16.0},{"not_picked":["BattleHymn","EmptyBody"],"picked":"EmptyFist","floor":18},{"not_picked":["Nirvana","EmptyFist"],"picked":"DeceiveReality","floor":22}],"player_experience":216392,"relics_obtained":[{"floor":6.0,"key":"Old Coin"},{"floor":9.0,"key":"Mercury Hourglass"},{"floor":14.0,"key":"Art of War"}],"event_choices":[{"cards_removed":["Defend_P"],"damage_healed":0.0,"max_hp_gain":0.0,"max_hp_loss":0.0,"gold_gain":0.0,"event_name":"Golden Wing","player_choice":"Card Removal","floor":2.0,"gold_loss":0.0,"damage_taken":7.0},{"damage_healed":0.0,"max_hp_gain":0.0,"max_hp_loss":0.0,"gold_gain":0.0,"event_name":"Wheel of Change","player_choice":"Cursed","floor":3.0,"gold_loss":0.0,"damage_taken":0.0,"cards_obtained":["Decay"]},{"damage_healed":0.0,"max_hp_gain":0.0,"max_hp_loss":0.0,"gold_gain":75.0,"event_name":"World of Goop","player_choice":"Gather Gold","floor":11.0,"gold_loss":0.0,"damage_taken":11.0},{"damage_healed":0.0,"max_hp_gain":5.0,"max_hp_loss":0.0,"gold_gain":0.0,"event_name":"Big Fish","player_choice":"Donut","floor":12.0,"gold_loss":0.0,"damage_taken":0.0},{"damage_healed":0.0,"max_hp_gain":0.0,"max_hp_loss":0.0,"gold_gain":0.0,"event_name":"Upgrade Shrine","player_choice":"Upgraded","floor":13.0,"gold_loss":0.0,"damage_taken":0.0,"cards_upgraded":["BattleHymn"]},{"damage_healed":0,"gold_gain":0,"cards_transformed":["Defend_P"],"player_choice":"Transformed","damage_taken":0,"max_hp_gain":0,"max_hp_loss":0,"event_name":"Transmorgrifier","floor":21,"gold_loss":0,"cards_obtained":["Vault"]}],"is_beta":false,"boss_relics":[{"not_picked":["Pandora\u0027s Box","Tiny House"],"picked":"Coffee Dripper"}],"items_purged_floors":[4,19,20],"is_endless":false,"potions_floor_spawned":[5,16],"killed_by":"Shelled Parasite and Fungi","ascension_level":19}