{"gold_per_floor":[115,40,40,40,56,85,85,85,85,85,110,122,150,167,167,241,241,258,272,284,294,11,46,46,78,78,103,3,13,13,13,13,84,84,101,129,149,177,177,216,216,254,254,129,129,140,158,200,209,209],"floor_reached":51,"playtime":2933,"items_purged":["Strike_P","Strike_P","Strike_P"],"score":1446,"play_id":"667f7e17-121a-4a2f-ab2e-c5601f0460da","local_time":"20211031123513","is_ascension_mode":true,"campfire_choices":[{"data":"Eruption","floor":8.0,"key":"SMITH"},{"floor":15.0,"key":"REST"},{"floor":24.0,"key":"REST"},{"data":"Scrawl","floor":30.0,"key":"SMITH"},{"data":"TalkToTheHand","floor":32.0,"key":"SMITH"},{"data":"Adaptation","floor":41.0,"key":"SMITH"},{"floor":49.0,"key":"REST"}],"neow_cost":"NONE","seed_source_timestamp":450215196973530,"circlet_count":0,"master_deck":["AscendersBane","Strike_P+1","Defend_P+1","Defend_P+1","Defend_P+1","Eruption+1","Vigilance+1","Halt+1","LessonLearned+1","Crescendo+1","Scrawl+1","Meditate+1","SandsOfTime+1","Perseverance+1","Tantrum","DeusExMachina+1","Adaptation+1","TalkToTheHand+1","EmptyFist+1","Apotheosis+1","DeceiveReality+1","Adaptation+1","WheelKick+1","Evaluate","Vault","Madness","Madness","FlurryOfBlows","WheelKick+1"],"special_seed":0,"relics":["Sozu","Tiny Chest","Gremlin Horn","Toy Ornithopter","Art of War","Philosopher\u0027s Stone","CeramicFish","Dream Catcher","MealTicket","Centennial Puzzle","SlaversCollar","Ginger","Pear","Ancient Tea Set","Blue Candle","Nunchaku","CloakClasp"],"potions_floor_usage":[],"damage_taken":[{"damage":4.0,"enemies":"2 Louse","floor":1.0,"turns":2.0},{"damage":4.0,"enemies":"Jaw Worm","floor":5.0,"turns":4.0},{"damage":45.0,"enemies":"3 Sentries","floor":6.0,"turns":10.0},{"damage":2.0,"enemies":"Gremlin Nob","floor":11.0,"turns":3.0},{"damage":0.0,"enemies":"Cultist","floor":12.0,"turns":4.0},{"damage":4.0,"enemies":"Lagavulin","floor":13.0,"turns":4.0},{"damage":3.0,"enemies":"Looter","floor":14.0,"turns":3.0},{"damage":24.0,"enemies":"Hexaghost","floor":16.0,"turns":8.0},{"damage":5.0,"enemies":"Shell Parasite","floor":18.0,"turns":3.0},{"damage":0.0,"enemies":"Chosen","floor":19.0,"turns":3.0},{"damage":0.0,"enemies":"Centurion and Healer","floor":20.0,"turns":7.0},{"damage":0.0,"enemies":"3 Cultists","floor":21.0,"turns":3.0},{"damage":29.0,"enemies":"Slavers","floor":23.0,"turns":3.0},{"damage":12.0,"enemies":"Gremlin Leader","floor":25.0,"turns":4.0},{"damage":0.0,"enemies":"Snake Plant","floor":29.0,"turns":3.0},{"damage":22.0,"enemies":"Champ","floor":33.0,"turns":8.0},{"damage":1.0,"enemies":"3 Darklings","floor":35.0,"turns":2.0},{"damage":3.0,"enemies":"3 Shapes","floor":36.0,"turns":6.0},{"damage":0.0,"enemies":"Maw","floor":37.0,"turns":7.0},{"damage":0.0,"enemies":"Transient","floor":38.0,"turns":6.0},{"damage":1.0,"enemies":"Nemesis","floor":40.0,"turns":5.0},{"damage":0.0,"enemies":"Reptomancer","floor":42.0,"turns":3.0},{"damage":0.0,"enemies":"Jaw Worm Horde","floor":46.0,"turns":3.0},{"damage":28.0,"enemies":"Nemesis","floor":48.0,"turns":4.0},{"damage":56,"enemies":"Time Eater","floor":50,"turns":10}],"seed_played":"-517006453134632957","potions_obtained":[],"is_trial":false,"path_per_floor":["M","?","$","?","M","E","?","R","T","?","E","M","E","M","R","B",null,"M","M","M","M","$","E","R","E","T","T","$","M","R","$","R","B",null,"M","M","M","M","T","E","R","E","T","$","T","M","?","E","R","B",null],"character_chosen":"WATCHER","items_purchased":["Apotheosis"],"campfire_rested":3,"item_purchase_floors":[22],"current_hp_per_floor":[57,57,57,57,53,8,30,30,30,30,28,28,24,21,41,17,55,50,50,50,50,50,21,41,29,29,29,44,44,44,59,59,37,60,59,56,56,56,56,65,65,65,65,78,78,78,64,36,59,3],"gold":209,"neow_bonus":"BOSS_RELIC","is_prod":false,"is_daily":false,"chose_seed":false,"campfire_upgraded":4,"win_rate":0,"timestamp":1635654913,"path_taken":["M","?","$","?","?","E","?","R","T","?","E","M","E","M","R","BOSS","M","M","?","M","$","E","R","E","T","?","?","M","R","$","R","BOSS","M","?","M","?","?","E","R","E","T","$","?","M","?","E","R","BOSS"],"build_version":"2020-12-13","purchased_purges":3,"victory":true,"max_hp_per_floor":[68,68,68,68,68,68,68,68,68,68,68,68,68,68,68,68,68,68,68,68,68,68,68,68,68,68,68,68,68,68,68,68,68,68,68,68,68,68,68,78,78,78,78,78,78,78,78,78,78,78],"card_choices":[{"not_picked":["Collect","Prostrate"],"picked":"Halt","floor":1.0},{"not_picked":["FlyingSleeves","Prostrate"],"picked":"Crescendo","floor":5.0},{"not_picked":["CutThroughFate","Weave"],"picked":"Scrawl","floor":6.0},{"not_picked":["SpiritShield","Crescendo"],"picked":"Meditate","floor":11.0},{"not_picked":["SashWhip","FlyingSleeves"],"picked":"SandsOfTime","floor":12.0},{"not_picked":["Nirvana","Crescendo"],"picked":"Perseverance","floor":13.0},{"not_picked":["Protect","ClearTheMind"],"picked":"Tantrum","floor":14.0},{"not_picked":["Judgement","Brilliance"],"picked":"DeusExMachina","floor":16.0},{"not_picked":["FollowUp+1","EmptyMind"],"picked":"Adaptation","floor":18.0},{"not_picked":["BowlingBash","Crescendo","Vengeance"],"picked":"SKIP","floor":19.0},{"not_picked":["Collect","ForeignInfluence"],"picked":"TalkToTheHand","floor":20.0},{"not_picked":["DeceiveReality","ReachHeaven"],"picked":"EmptyFist","floor":21.0},{"not_picked":["WheelKick+1","Judgement"],"picked":"DeceiveReality","floor":23.0},{"not_picked":["EmptyBody","Prostrate","Crescendo"],"picked":"SKIP","floor":25.0},{"not_picked":["FlyingSleeves","PathToVictory","Crescendo"],"picked":"SKIP","floor":29.0},{"not_picked":["EmptyBody","WreathOfFlame","Swivel"],"picked":"SKIP","floor":35.0},{"not_picked":["SashWhip","PathToVictory"],"picked":"Adaptation+1","floor":36.0},{"not_picked":["Weave","FlyingSleeves","MentalFortress+1"],"picked":"SKIP","floor":37.0},{"not_picked":["ThirdEye","JustLucky"],"picked":"WheelKick+1","floor":38.0},{"not_picked":["BowlingBash","SpiritShield"],"picked":"Evaluate","floor":40.0},{"not_picked":["PathToVictory","ThirdEye"],"picked":"Vault","floor":42.0},{"not_picked":["Wireheading","Adaptation+1","FollowUp"],"picked":"SKIP","floor":46.0},{"not_picked":["EmptyBody","CrushJoints"],"picked":"FlurryOfBlows","floor":48.0},{"not_picked":["Prostrate+1","Halt+1"],"picked":"WheelKick+1","floor":49.0}],"player_experience":209623,"relics_obtained":[{"floor":6.0,"key":"Tiny Chest"},{"floor":9.0,"key":"Gremlin Horn"},{"floor":11.0,"key":"Toy Ornithopter"},{"floor":13.0,"key":"Art of War"},{"floor":23.0,"key":"CeramicFish"},{"floor":25.0,"key":"Dream Catcher"},{"floor":26.0,"key":"MealTicket"},{"floor":27.0,"key":"Centennial Puzzle"},{"floor":39.0,"key":"Ginger"},{"floor":40.0,"key":"Pear"},{"floor":42.0,"key":"Ancient Tea Set"},{"floor":43.0,"key":"Blue Candle"},{"floor":45.0,"key":"Nunchaku"},{"floor":48.0,"key":"CloakClasp"}],"event_choices":[{"cards_removed":["Defend_P"],"damage_healed":0.0,"max_hp_gain":0.0,"max_hp_loss":0.0,"gold_gain":0.0,"event_name":"The Cleric","player_choice":"Card Removal","floor":2.0,"gold_loss":75.0,"damage_taken":0.0},{"damage_healed":0.0,"max_hp_gain":0.0,"max_hp_loss":0.0,"gold_gain":0.0,"event_name":"Match and Keep!","player_choice":"1 cards matched","floor":4.0,"gold_loss":0.0,"damage_taken":0.0,"cards_obtained":["LessonLearned"]},{"damage_healed":22.0,"max_hp_gain":0.0,"max_hp_loss":0.0,"gold_gain":0.0,"event_name":"Big Fish","player_choice":"Banana","floor":7.0,"gold_loss":0.0,"damage_taken":0.0},{"damage_healed":0.0,"max_hp_gain":0.0,"max_hp_loss":0.0,"gold_gain":0.0,"event_name":"Lab","player_choice":"Got Potions","floor":10.0,"gold_loss":0.0,"damage_taken":0.0},{"damage_healed":0.0,"max_hp_gain":0.0,"max_hp_loss":0.0,"gold_gain":0.0,"event_name":"Winding Halls","player_choice":"Embrace Madness","floor":47.0,"gold_loss":0.0,"damage_taken":14.0,"cards_obtained":["Madness","Madness"]}],"is_beta":false,"boss_relics":[{"not_picked":["Astrolabe","Tiny House"],"picked":"Philosopher\u0027s Stone"},{"not_picked":["Black Star","Runic Dome"],"picked":"SlaversCollar"}],"items_purged_floors":[22,28,44],"is_endless":false,"potions_floor_spawned":[1,6,13,18,23,25,29,36,37,38,40,42],"ascension_level":17}