{"gold_per_floor":[115,115,115,74,93,93,128,128,128,160,171,96,96,196,196,273,273,313,331,347,373,389,419,419,176,176,192,192,207,234,250,250,374,374,385,760,760,771,771,771,512,597,623,726,227,227,449,567,567,567],"floor_reached":51,"playtime":2328,"items_purged":["Defend_P","Evaluate","Meditate","CutThroughFate"],"score":1277,"play_id":"90750b92-63d4-4a26-976b-9496c27fb4cb","local_time":"20211026231443","is_ascension_mode":true,"campfire_choices":[{"data":"Eruption","floor":6.0,"key":"SMITH"},{"data":"Scrawl","floor":8.0,"key":"SMITH"},{"data":"Adaptation","floor":15.0,"key":"SMITH"},{"data":"Omniscience","floor":28.0,"key":"SMITH"},{"data":"Ragnarok","floor":32.0,"key":"SMITH"},{"data":"Apotheosis","floor":40.0,"key":"SMITH"},{"data":"Discovery","floor":46.0,"key":"SMITH"},{"data":"TalkToTheHand","floor":49.0,"key":"SMITH"}],"neow_cost":"NONE","seed_source_timestamp":71301258444787,"circlet_count":0,"master_deck":["AscendersBane","Eruption+1","Vigilance","Scrawl+1","Crescendo","Adaptation+1","BattleHymn","Wish","Wish","Ragnarok+1","Adaptation","Blasphemy","Sanctity","FlurryOfBlows","FearNoEvil+1","Halt+1","Ghostly","Ghostly","Ghostly","Ghostly","Ghostly","Omniscience+1","DevaForm","TalkToTheHand+1","Omniscience","Apotheosis+1","Discovery+1","Fasting2+1","Secret Weapon","Alpha"],"special_seed":0,"relics":["PureWater","NeowsBlessing","Art of War","Bottled Tornado","Meat on the Bone","Pandora\u0027s Box","Red Mask","Question Card","Membership Card","StoneCalendar","Pen Nib","Coffee Dripper","Old Coin","Lantern","Kunai","Strawberry","Lizard Tail","Sundial","OrangePellets","Letter Opener"],"potions_floor_usage":[50],"damage_taken":[{"damage":0.0,"enemies":"Small Slimes","floor":1.0,"turns":1.0},{"damage":0.0,"enemies":"Cultist","floor":5.0,"turns":1.0},{"damage":0.0,"enemies":"3 Sentries","floor":7.0,"turns":2.0},{"damage":6.0,"enemies":"Gremlin Nob","floor":10.0,"turns":3.0},{"damage":2.0,"enemies":"Jaw Worm","floor":11.0,"turns":3.0},{"damage":0.0,"enemies":"Slime Boss","floor":16.0,"turns":5.0},{"damage":3.0,"enemies":"Spheric Guardian","floor":18.0,"turns":3.0},{"damage":6.0,"enemies":"Chosen","floor":19.0,"turns":4.0},{"damage":0.0,"enemies":"Centurion and Healer","floor":20.0,"turns":1.0},{"damage":10.0,"enemies":"Masked Bandits","floor":21.0,"turns":3.0},{"damage":0.0,"enemies":"3 Cultists","floor":22.0,"turns":3.0},{"damage":38.0,"enemies":"Slavers","floor":23.0,"turns":4.0},{"damage":6.0,"enemies":"Snake Plant","floor":27.0,"turns":4.0},{"damage":5.0,"enemies":"Cultist and Chosen","floor":29.0,"turns":5.0},{"damage":6.0,"enemies":"3 Cultists","floor":31.0,"turns":5.0},{"damage":15.0,"enemies":"Champ","floor":33.0,"turns":8.0},{"damage":0.0,"enemies":"3 Darklings","floor":35.0,"turns":1.0},{"damage":0.0,"enemies":"Mind Bloom Boss Battle","floor":36.0,"turns":4.0},{"damage":6.0,"enemies":"3 Shapes","floor":38.0,"turns":3.0},{"damage":4.0,"enemies":"Writhing Mass","floor":42.0,"turns":3.0},{"damage":3.0,"enemies":"2 Orb Walkers","floor":44.0,"turns":5.0},{"damage":2.0,"enemies":"Transient","floor":48.0,"turns":5.0},{"damage":4,"enemies":"Donu and Deca","floor":50,"turns":5}],"seed_played":"8368186820413491523","potions_obtained":[{"floor":1.0,"key":"SneckoOil"},{"floor":5.0,"key":"PowerPotion"},{"floor":22.0,"key":"FearPotion"},{"floor":23.0,"key":"DuplicationPotion"},{"floor":31.0,"key":"LiquidBronze"},{"floor":44.0,"key":"PowerPotion"}],"is_trial":false,"path_per_floor":["M","?","$","$","M","R","E","R","T","E","M","$","?","?","R","B",null,"M","M","M","?","M","E","?","$","T","M","R","M","T","M","R","B",null,"M","?","?","M","?","R","$","M","T","?","$","R","?","M","R","B",null],"character_chosen":"WATCHER","items_purchased":["Adaptation","Membership Card","Omniscience","Lantern","Kunai","Sundial","OrangePellets","Letter Opener","Secret Weapon"],"campfire_rested":0,"item_purchase_floors":[4,25,25,41,41,45,45,45,45],"current_hp_per_floor":[65,65,65,65,65,65,65,65,65,59,57,57,57,57,57,57,68,65,59,59,49,49,23,23,23,23,29,29,24,24,30,30,27,34,34,34,29,23,23,23,23,19,26,23,23,23,23,33,33,29],"gold":567,"neow_bonus":"THREE_ENEMY_KILL","is_prod":false,"is_daily":false,"chose_seed":false,"campfire_upgraded":8,"win_rate":0,"timestamp":1635261283,"path_taken":["M","?","?","$","M","R","E","R","T","E","?","$","?","?","R","BOSS","M","M","?","?","M","E","?","?","T","M","R","?","?","M","R","BOSS","M","?","?","M","?","R","$","M","T","?","$","R","?","?","R","BOSS"],"build_version":"2020-12-13","purchased_purges":4,"victory":true,"max_hp_per_floor":[72,72,72,72,72,72,72,72,72,72,72,72,72,72,72,72,72,72,72,72,72,72,72,36,36,36,36,36,36,36,36,36,36,36,36,36,36,36,36,36,36,36,43,43,43,43,43,43,43,43],"card_choices":[{"not_picked":["EmptyBody","Prostrate"],"picked":"Sanctity","floor":1.0},{"not_picked":["SashWhip","Fasting2"],"picked":"BattleHymn","floor":5.0},{"not_picked":["CrushJoints","Crescendo"],"picked":"CutThroughFate","floor":7.0},{"not_picked":["Nirvana","Crescendo","CrushJoints"],"picked":"SKIP","floor":10.0},{"not_picked":["Fasting2","SashWhip","WreathOfFlame"],"picked":"SKIP","floor":11.0},{"not_picked":["Brilliance","Judgement"],"picked":"Wish","floor":16.0},{"not_picked":["Worship","Swivel","Evaluate"],"picked":"SKIP","floor":18.0},{"not_picked":["Protect","Evaluate"],"picked":"FlurryOfBlows","floor":19.0},{"not_picked":["Evaluate","EmptyMind"],"picked":"FearNoEvil+1","floor":20.0},{"not_picked":["FearNoEvil","Crescendo","DeceiveReality"],"picked":"SKIP","floor":22.0},{"not_picked":["CrushJoints","ClearTheMind+1"],"picked":"Halt+1","floor":23.0},{"not_picked":["CutThroughFate","EmptyFist","FollowUp"],"picked":"DevaForm","floor":27.0},{"not_picked":["Conclude","FlyingSleeves","Consecrate"],"picked":"TalkToTheHand","floor":29.0},{"not_picked":["BowlingBash","Establishment","Adaptation","FollowUp"],"picked":"SKIP","floor":31.0},{"not_picked":["ConjureBlade","MasterReality","Judgement"],"picked":"Omniscience","floor":33.0},{"not_picked":["Consecrate+1","WheelKick","FlurryOfBlows","FlyingSleeves"],"picked":"SKIP","floor":35.0},{"not_picked":["Good Instincts","Panache","Transmutation"],"picked":"Apotheosis","floor":37.0},{"not_picked":["Bandage Up","PanicButton","Blind"],"picked":"Discovery","floor":37.0},{"not_picked":["JustLucky","Evaluate+1","PathToVictory"],"picked":"Fasting2+1","floor":38.0},{"not_picked":["ReachHeaven","Prostrate+1","ClearTheMind","LikeWater"],"picked":"SKIP","floor":42.0},{"not_picked":["Consecrate","ThirdEye","CutThroughFate+1"],"picked":"Alpha","floor":48.0}],"player_experience":193895,"relics_obtained":[{"floor":7.0,"key":"Art of War"},{"floor":9.0,"key":"Bottled Tornado"},{"floor":10.0,"key":"Meat on the Bone"},{"floor":21.0,"key":"Red Mask"},{"floor":23.0,"key":"Question Card"},{"floor":26.0,"key":"StoneCalendar"},{"floor":30.0,"key":"Pen Nib"},{"floor":36.0,"key":"Old Coin"},{"floor":43.0,"key":"Strawberry"},{"floor":44.0,"key":"Lizard Tail"}],"event_choices":[{"damage_healed":0.0,"max_hp_gain":0.0,"max_hp_loss":0.0,"gold_gain":0.0,"event_name":"Match and Keep!","player_choice":"2 cards matched","floor":2.0,"gold_loss":0.0,"damage_taken":0.0,"cards_obtained":["Scrawl","Crescendo"]},{"damage_healed":0.0,"max_hp_gain":0.0,"max_hp_loss":0.0,"gold_gain":0.0,"cards_transformed":["Sanctity"],"event_name":"Living Wall","player_choice":"Change","floor":13.0,"gold_loss":0.0,"damage_taken":0.0,"cards_obtained":["Wish"]},{"damage_healed":0.0,"max_hp_gain":0.0,"max_hp_loss":0.0,"gold_gain":100.0,"event_name":"Golden Shrine","player_choice":"Pray","floor":14.0,"gold_loss":0.0,"damage_taken":0.0},{"damage_healed":0.0,"max_hp_gain":0.0,"max_hp_loss":0.0,"gold_gain":0.0,"event_name":"Masked Bandits","player_choice":"Fought Bandits","floor":21.0,"gold_loss":0.0,"damage_taken":0.0},{"damage_healed":0.0,"max_hp_gain":0.0,"max_hp_loss":36.0,"gold_gain":0.0,"event_name":"Ghosts","player_choice":"Became a Ghost","floor":24.0,"gold_loss":0.0,"damage_taken":0.0,"cards_obtained":["Ghostly","Ghostly","Ghostly","Ghostly","Ghostly"]},{"damage_healed":0.0,"max_hp_gain":0.0,"max_hp_loss":0.0,"gold_gain":0.0,"event_name":"MindBloom","player_choice":"Fight","floor":36.0,"gold_loss":0.0,"damage_taken":0.0},{"damage_healed":0.0,"max_hp_gain":0.0,"max_hp_loss":0.0,"gold_gain":0.0,"event_name":"SensoryStone","player_choice":"Memory 2","floor":37.0,"gold_loss":0.0,"damage_taken":5.0},{"cards_removed":["MasterReality"],"damage_healed":0.0,"max_hp_gain":0.0,"max_hp_loss":0.0,"gold_gain":0.0,"event_name":"Falling","player_choice":"Removed Power","floor":39.0,"gold_loss":0.0,"damage_taken":0.0},{"damage_healed":0.0,"max_hp_gain":0.0,"max_hp_loss":0.0,"gold_gain":0.0,"event_name":"Mysterious Sphere","player_choice":"Fight","floor":44.0,"gold_loss":0.0,"damage_taken":0.0},{"damage_healed":0.0,"max_hp_gain":0.0,"max_hp_loss":0.0,"gold_gain":222.0,"event_name":"Tomb of Lord Red Mask","player_choice":"Wore Mask","floor":47.0,"gold_loss":0.0,"damage_taken":0.0}],"is_beta":false,"boss_relics":[{"not_picked":["Velvet Choker","Black Star"],"picked":"Pandora\u0027s Box"},{"not_picked":["SacredBark","Busted Crown"],"picked":"Coffee Dripper"}],"items_purged_floors":[12,25,41,45],"is_endless":false,"potions_floor_spawned":[1,5,7,18,22,23,31,33,35,44],"ascension_level":13}