{"gold_per_floor":[114,129,144,219,294,383,398,398,423,498,169,184,184,208,208,342,342,366,116,125,125,162,192,207,306,365,414,423,438,63,72,72,197,197,212,36,51,66,288,343,343,358,392,392,407,407,422,72,72,72],"floor_reached":51,"playtime":4435,"items_purged":["Pain","Shame"],"score":822,"play_id":"d2701143-815a-40d1-9036-6a3d6afb4bf9","local_time":"20211007001458","daily_mods":["Shiny","Diverse","Binary"],"is_ascension_mode":false,"campfire_choices":[{"data":"Alpha","floor":8.0,"key":"SMITH"},{"data":"Seek","floor":15.0,"key":"SMITH"},{"floor":32.0,"key":"REST"},{"data":"Apotheosis","floor":41,"key":"SMITH"},{"data":"Seek","floor":44,"key":"SMITH"},{"data":"Omniscience","floor":46,"key":"SMITH"},{"floor":49,"key":"REST"}],"neow_cost":"","seed_source_timestamp":109565002495806,"circlet_count":0,"master_deck":["Judgement","ConjureBlade","MasterReality","Brilliance","Devotion","Blasphemy","Ragnarok","LessonLearned","Scrawl","Vault","Alpha+1","Wish","Omniscience+1","Establishment","SpiritShield","DevaForm","DeusExMachina+1","Multi-Cast","Hyperbeam","Thunder Strike","Biased Cognition","Machine Learning","Electrodynamics","Buffer","Rainbow","Seek+1","Meteor Strike","Echo Form","All For One","Reboot","Amplify","Creative AI","Fission","Core Surge","Venomology","Corpse Explosion","Malaise","Phantasmal Killer","Die Die Die","Adrenaline","Envenom","Doppelganger","Burst","Wraith Form v2","Tools of the Trade","Night Terror","Unload","After Image","Bullet Time","Storm of Steel+1","Glass Knife","A Thousand Cuts","Grand Finale","Double Tap","Demon Form","Bludgeon","Feed","Limit Break","Corruption+1","Barricade","Fiend Fire+1","Berserk","Impervious","Juggernaut","Brutality","Reaper","Exhume","Offering","Immolate","Acrobatics","Feel No Pain","Escape Plan","Mayhem","Ghostly Armor","Seek+1","InnerPeace+1","J.A.X.","Warcry+1","Clumsy","Terror","Apotheosis+1","Shame"],"special_seed":18906,"relics":["Ring of the Snake","CeramicFish","Juzu Bracelet","Meat on the Bone","Lee\u0027s Waffle","Snake Skull","Cursed Key","Letter Opener","Red Mask","Blue Candle","PreservedInsect","WarpedTongs","Thread and Needle","Centennial Puzzle","Busted Crown","War Paint","Regal Pillow","Happy Flower"],"potions_floor_usage":[38,42,50,50],"damage_taken":[{"damage":0.0,"enemies":"Cultist","floor":1.0,"turns":2.0},{"damage":1.0,"enemies":"Jaw Worm","floor":2.0,"turns":3.0},{"damage":0.0,"enemies":"2 Louse","floor":3.0,"turns":1.0},{"damage":15.0,"enemies":"Lagavulin","floor":6.0,"turns":8.0},{"damage":10.0,"enemies":"Exordium Thugs","floor":7.0,"turns":2.0},{"damage":0.0,"enemies":"Exordium Wildlife","floor":12.0,"turns":3.0},{"damage":0.0,"enemies":"Large Slime","floor":14.0,"turns":5.0},{"damage":30.0,"enemies":"Slime Boss","floor":16.0,"turns":7.0},{"damage":19.0,"enemies":"Spheric Guardian","floor":18.0,"turns":6.0},{"damage":11.0,"enemies":"Masked Bandits","floor":22.0,"turns":5.0},{"damage":48.0,"enemies":"Slavers","floor":23.0,"turns":6.0},{"damage":7.0,"enemies":"Shell Parasite","floor":24.0,"turns":4.0},{"damage":9.0,"enemies":"Centurion and Healer","floor":27.0,"turns":6.0},{"damage":0.0,"enemies":"Snake Plant","floor":29.0,"turns":2.0},{"damage":0.0,"enemies":"Collector","floor":33.0,"turns":5.0},{"damage":1.0,"enemies":"Orb Walker","floor":35.0,"turns":3.0},{"damage":0.0,"enemies":"3 Darklings","floor":37.0,"turns":2.0},{"damage":4,"enemies":"Writhing Mass","floor":38,"turns":2},{"damage":26,"enemies":"Nemesis","floor":40,"turns":7},{"damage":6,"enemies":"Sphere and 2 Shapes","floor":42,"turns":4},{"damage":5,"enemies":"3 Darklings","floor":45,"turns":3},{"damage":26,"enemies":"Writhing Mass","floor":47,"turns":5},{"damage":59,"enemies":"Donu and Deca","floor":50,"turns":6}],"seed_played":"1092475786352607359","potions_obtained":[{"floor":1.0,"key":"Weak Potion"},{"floor":6.0,"key":"EssenceOfSteel"},{"floor":7.0,"key":"SmokeBomb"},{"floor":16.0,"key":"Block Potion"},{"floor":18.0,"key":"Block Potion"},{"floor":24.0,"key":"CultistPotion"},{"floor":27.0,"key":"Explosive Potion"},{"floor":29.0,"key":"Strength Potion"},{"floor":35.0,"key":"Block Potion"},{"floor":40,"key":"GamblersBrew"},{"floor":45,"key":"DistilledChaos"}],"is_trial":false,"path_per_floor":["M","M","M","?","?","E","M","R","T","T","$","M","?","M","R","B",null,"M","$","?","?","?","E","M","?","T","M","?","M","$","T","R","B",null,"M","$","M","M","?","E","R","M","T","R","M","R","M","$","R","B",null],"character_chosen":"THE_SILENT","items_purchased":["Mayhem","Lee\u0027s Waffle","Letter Opener","Thread and Needle","Apotheosis","Happy Flower","FairyPotion"],"campfire_rested":2,"item_purchase_floors":[11,11,19,30,36,48,48],"current_hp_per_floor":[70,69,69,58,58,43,33,33,33,33,77,80,62,62,62,44,80,61,61,61,46,50,17,22,22,22,31,31,43,43,43,70,70,91,90,90,90,86,86,60,60,54,54,54,49,49,39,39,81,34],"gold":72,"neow_bonus":"","is_prod":false,"is_daily":true,"chose_seed":false,"campfire_upgraded":5,"win_rate":0,"timestamp":1633536898,"path_taken":["M","?","M","?","?","E","?","R","T","?","?","M","?","M","R","BOSS","M","$","?","?","?","E","M","?","T","M","?","M","$","?","R","BOSS","M","$","M","M","?","E","R","M","T","R","M","R","M","$","R","BOSS"],"build_version":"2020-01-27","purchased_purges":2,"victory":true,"max_hp_per_floor":[70,70,70,70,70,70,70,70,70,70,77,80,80,80,80,80,80,80,80,80,85,88,91,91,91,91,91,91,91,91,91,91,91,91,91,91,91,91,91,91,91,91,91,91,91,91,91,91,91,91],"card_choices":[{"not_picked":["EmptyMind"],"picked":"Acrobatics","floor":1.0},{"not_picked":["Doom and Gloom"],"picked":"Feel No Pain","floor":2.0},{"not_picked":["Reflex","Carnage"],"picked":"SKIP","floor":3.0},{"not_picked":["Cold Snap"],"picked":"Escape Plan","floor":6.0},{"not_picked":["Twin Strike","JustLucky"],"picked":"SKIP","floor":7.0},{"not_picked":["FearNoEvil","Dash"],"picked":"SKIP","floor":12.0},{"not_picked":["Rip and Tear"],"picked":"Ghostly Armor","floor":14.0},{"not_picked":["After Image"],"picked":"Seek","floor":16.0},{"not_picked":["Underhanded Strike"],"picked":"InnerPeace+1","floor":18.0},{"not_picked":["Twin Strike"],"picked":"Warcry+1","floor":22.0},{"not_picked":["Steam Power","Backflip"],"picked":"SKIP","floor":23.0},{"not_picked":["Tools of the Trade","ClearTheMind+1"],"picked":"SKIP","floor":24.0},{"not_picked":["Endless Agony"],"picked":"Terror","floor":27.0},{"not_picked":["Underhanded Strike","Clash"],"picked":"SKIP","floor":29.0}],"player_experience":106618,"relics_obtained":[{"floor":6.0,"key":"CeramicFish"},{"floor":9.0,"key":"Juzu Bracelet"},{"floor":10.0,"key":"Meat on the Bone"},{"floor":22.0,"key":"Red Mask"},{"floor":23.0,"key":"Blue Candle"},{"floor":26.0,"key":"PreservedInsect"},{"floor":31.0,"key":"Centennial Puzzle"},{"floor":40,"key":"War Paint"},{"floor":43,"key":"Regal Pillow"}],"event_choices":[{"damage_healed":0.0,"max_hp_gain":0.0,"max_hp_loss":0.0,"gold_gain":75.0,"event_name":"World of Goop","player_choice":"Gather Gold","floor":4.0,"gold_loss":0.0,"damage_taken":11.0},{"damage_healed":0.0,"max_hp_gain":0.0,"max_hp_loss":0.0,"gold_gain":75.0,"event_name":"Golden Wing","player_choice":"Gained Gold","floor":5.0,"gold_loss":0.0,"damage_taken":0.0},{"damage_healed":0.0,"max_hp_gain":0.0,"max_hp_loss":0.0,"gold_gain":0.0,"event_name":"Scrap Ooze","player_choice":"Success","floor":13.0,"gold_loss":0.0,"damage_taken":18.0,"relics_obtained":["Snake Skull"]},{"damage_healed":0.0,"max_hp_gain":0.0,"max_hp_loss":0.0,"gold_gain":0.0,"event_name":"Drug Dealer","player_choice":"Obtain J.A.X.","floor":20.0,"gold_loss":0.0,"damage_taken":0.0,"cards_obtained":["J.A.X."]},{"damage_healed":0.0,"max_hp_gain":5.0,"max_hp_loss":0.0,"gold_gain":0.0,"event_name":"Forgotten Altar","player_choice":"Shed Blood","floor":21.0,"gold_loss":0.0,"damage_taken":20.0},{"damage_healed":0.0,"max_hp_gain":0.0,"max_hp_loss":0.0,"gold_gain":0.0,"event_name":"Masked Bandits","player_choice":"Fought Bandits","floor":22.0,"gold_loss":0.0,"damage_taken":0.0},{"damage_healed":0.0,"max_hp_gain":0.0,"max_hp_loss":0.0,"gold_gain":99.0,"event_name":"Nest","player_choice":"Stole From Cult","floor":25.0,"gold_loss":0.0,"damage_taken":0.0},{"damage_healed":0.0,"max_hp_gain":0.0,"max_hp_loss":0.0,"gold_gain":0.0,"event_name":"Accursed Blacksmith","player_choice":"Rummage","floor":28.0,"gold_loss":0.0,"damage_taken":0.0,"relics_obtained":["WarpedTongs"],"cards_obtained":["Pain"]},{"damage_healed":0,"gold_gain":222,"player_choice":"Wore Mask","damage_taken":0,"max_hp_gain":0,"max_hp_loss":0,"event_name":"Tomb of Lord Red Mask","floor":39,"gold_loss":0}],"is_beta":false,"boss_relics":[{"not_picked":["Calling Bell","SlaversCollar"],"picked":"Cursed Key"},{"not_picked":["Sozu","Ring of the Serpent"],"picked":"Busted Crown"}],"items_purged_floors":[30,48],"is_endless":false,"potions_floor_spawned":[1,6,7,16,18,24,27,29,35,40,45],"ascension_level":0}