{"gold_per_floor":[114,129,188,363,363,438,453,453,453,278,278,278,293,568,568,668,668,683,698,968,362,212,227,77,77,102,132,78,78],"floor_reached":29,"playtime":1559,"items_purged":["Doubt"],"score":254,"play_id":"c54c338e-ade5-47eb-a2eb-46f153d24822","local_time":"20211004134355","daily_mods":["SealedDeck","Flight","Lethality"],"is_ascension_mode":false,"campfire_choices":[{"data":"BattleHymn","floor":8.0,"key":"SMITH"},{"data":"Consecrate","floor":12.0,"key":"SMITH"},{"data":"ThirdEye","floor":15.0,"key":"SMITH"},{"data":"Mind Blast","floor":25.0,"key":"SMITH"}],"neow_cost":"","seed_source_timestamp":0,"circlet_count":0,"master_deck":["EmptyMind","ForeignInfluence","InnerPeace","Perseverance","EmptyFist","Consecrate+1","ReachHeaven","BattleHymn+1","FlyingSleeves","ClearTheMind","Study+1","ThirdEye+1","Crescendo","Indignation","Brilliance","Sanctity","Mind Blast+1","Nirvana","Tantrum+1","PathToVictory"],"special_seed":18904,"relics":["PureWater","Eternal Feather","InkBottle","Omamori","Black Star","Nunchaku","Boot","Sling","Lee\u0027s Waffle","Damaru","Bag of Marbles","Ancient Tea Set","Bottled Tornado"],"potions_floor_usage":[],"damage_taken":[{"damage":0.0,"enemies":"Small Slimes","floor":1.0,"turns":2.0},{"damage":14.0,"enemies":"Jaw Worm","floor":2.0,"turns":2.0},{"damage":14.0,"enemies":"2 Louse","floor":7.0,"turns":2.0},{"damage":0.0,"enemies":"Lots of Slimes","floor":13.0,"turns":1.0},{"damage":48.0,"enemies":"Hexaghost","floor":16.0,"turns":5.0},{"damage":13.0,"enemies":"2 Thieves","floor":18.0,"turns":2.0},{"damage":11.0,"enemies":"Chosen","floor":19.0,"turns":3.0},{"damage":46.0,"enemies":"Shelled Parasite and Fungi","floor":23.0,"turns":4.0},{"damage":18.0,"enemies":"Book of Stabbing","floor":27.0,"turns":2.0},{"damage":24,"enemies":"Slavers","floor":29,"turns":2}],"seed_played":"805200222267699424","potions_obtained":[{"floor":7.0,"key":"Weak Potion"},{"floor":13.0,"key":"Dexterity Potion"},{"floor":16.0,"key":"BottledMiracle"},{"floor":19.0,"key":"LiquidMemories"}],"is_trial":false,"path_per_floor":["M","M","?","?","?","?","M","R","T","$","?","R","M","?","R","B",null,"M","M","?","$","$","M","$","R","T","E","$","E"],"character_chosen":"WATCHER","items_purchased":["Crescendo","Omamori","Nirvana","Nunchaku","Boot","Sling","Lee\u0027s Waffle","Damaru","PathToVictory"],"campfire_rested":0,"item_purchase_floors":[10,10,21,21,21,21,22,24,28],"current_hp_per_floor":[72,58,58,58,51,44,30,36,36,36,36,42,42,42,51,3,72,59,48,15,15,79,33,33,42,42,24,24,0],"gold":78,"neow_bonus":"","is_prod":false,"is_daily":true,"chose_seed":false,"campfire_upgraded":4,"win_rate":0,"timestamp":1633326235,"path_taken":["M","M","?","?","?","?","?","R","T","$","?","R","?","?","R","BOSS","M","?","?","$","$","?","$","R","T","E","?","E"],"build_version":"2020-01-27","purchased_purges":1,"victory":false,"max_hp_per_floor":[72,72,72,72,72,72,72,72,72,72,72,72,72,72,72,72,72,72,72,72,72,79,79,79,79,79,79,79,79],"card_choices":[{"not_picked":["ThirdEye","Prostrate"],"picked":"Study","floor":1.0},{"not_picked":["FlyingSleeves","FollowUp","Prostrate"],"picked":"SKIP","floor":2.0},{"not_picked":["Protect","EmptyBody"],"picked":"ThirdEye","floor":7.0},{"not_picked":["FlyingSleeves","BattleHymn"],"picked":"Indignation","floor":13.0},{"not_picked":["Blasphemy","LessonLearned"],"picked":"Brilliance","floor":16.0},{"not_picked":["FlurryOfBlows+1","WreathOfFlame","Swivel"],"picked":"SKIP","floor":18.0},{"not_picked":["DeceiveReality+1","EmptyFist"],"picked":"Sanctity","floor":19.0},{"not_picked":["Prostrate","FlurryOfBlows"],"picked":"Tantrum+1","floor":23.0},{"not_picked":["BattleHymn","Halt","SashWhip"],"picked":"SKIP","floor":27.0}],"player_experience":60575,"relics_obtained":[{"floor":9.0,"key":"InkBottle"},{"floor":26.0,"key":"Bag of Marbles"},{"floor":27.0,"key":"Ancient Tea Set"},{"floor":27.0,"key":"Bottled Tornado"}],"event_choices":[{"damage_healed":0.0,"max_hp_gain":0.0,"max_hp_loss":0.0,"gold_gain":59.0,"event_name":"Golden Wing","player_choice":"Gained Gold","floor":3.0,"gold_loss":0.0,"damage_taken":0.0},{"damage_healed":0.0,"max_hp_gain":0.0,"max_hp_loss":0.0,"gold_gain":175.0,"event_name":"Liars Game","player_choice":"AGREE","floor":4.0,"gold_loss":0.0,"damage_taken":0.0,"cards_obtained":["Doubt"]},{"damage_healed":0.0,"max_hp_gain":0.0,"max_hp_loss":0.0,"gold_gain":0.0,"event_name":"Scrap Ooze","player_choice":"Success","floor":5.0,"gold_loss":0.0,"damage_taken":7.0,"relics_obtained":["Eternal Feather"]},{"damage_healed":0.0,"max_hp_gain":0.0,"max_hp_loss":0.0,"gold_gain":75.0,"event_name":"FaceTrader","player_choice":"Touch","floor":6.0,"gold_loss":0.0,"damage_taken":7.0},{"damage_healed":0.0,"max_hp_gain":0.0,"max_hp_loss":0.0,"gold_gain":0.0,"event_name":"Upgrade Shrine","player_choice":"Upgraded","floor":11.0,"gold_loss":0.0,"damage_taken":0.0,"cards_upgraded":["Study"]},{"damage_healed":0.0,"max_hp_gain":0.0,"max_hp_loss":0.0,"gold_gain":275.0,"event_name":"Golden Shrine","player_choice":"Desecrate","floor":14.0,"gold_loss":0.0,"damage_taken":0.0,"cards_obtained":["Regret"]},{"damage_healed":0.0,"max_hp_gain":0.0,"max_hp_loss":0.0,"gold_gain":270.0,"event_name":"Knowing Skull","player_choice":"CARD GOLD GOLD GOLD ","floor":20.0,"potions_obtained":[],"gold_loss":0.0,"damage_taken":33.0,"cards_obtained":["Mind Blast"]}],"is_beta":false,"boss_relics":[{"not_picked":["Velvet Choker","Tiny House"],"picked":"Black Star"}],"items_purged_floors":[21],"is_endless":false,"potions_floor_spawned":[7,13,16,19,27],"killed_by":"Slavers","ascension_level":0}