{"gold_per_floor":[109,72,72,72,82,82,7,22,22,22,22,22,34,68,68,166,166,180,180,196,214,39,39,71,95,132,69,95,139,151,175,187,298,310,337,366,398,135,135,135,135,135,135,135,147,162,12,23,23,23],"floor_reached":50,"playtime":4494,"items_purged":["Strike_B","Strike_B","Defend_B","Defend_B"],"score":482,"play_id":"ef45f136-650a-4684-b12a-f1bf9bf48544","local_time":"20210929224142","is_ascension_mode":false,"campfire_choices":[{"data":"Loop","floor":6,"key":"SMITH"},{"data":"Double Energy","floor":10,"key":"SMITH"},{"data":"Blizzard","floor":12,"key":"SMITH"},{"data":"Capacitor","floor":15,"key":"SMITH"},{"data":"Rainbow","floor":23,"key":"SMITH"},{"floor":30,"key":"REST"},{"floor":32,"key":"REST"},{"data":"Seek","floor":40,"key":"SMITH"},{"floor":49,"key":"REST"}],"neow_cost":"NONE","seed_source_timestamp":526816312362345,"circlet_count":0,"master_deck":["Defend_B","Zap","Dualcast","Blizzard+1","Loop+1","Double Energy+1","Capacitor+1","Rainbow+1","Coolheaded+1","Redo","Coolheaded+1","Static Discharge","Redo+1","Doom and Gloom+1","Chaos","Seek+1","Ball Lightning","Defragment+1","Impatience"],"special_seed":0,"relics":["Cracked Core","Mercury Hourglass","Meat on the Bone","Orichalcum","SlaversCollar","MawBank","Pen Nib","Kunai","Nuclear Battery","Juzu Bracelet","Bottled Lightning"],"potions_floor_usage":[16,33,50,50,50],"damage_taken":[{"damage":6,"enemies":"Jaw Worm","floor":1,"turns":4},{"damage":3,"enemies":"Cultist","floor":5,"turns":4},{"damage":0,"enemies":"Small Slimes","floor":8,"turns":3},{"damage":0,"enemies":"3 Louse","floor":13,"turns":2},{"damage":5,"enemies":"Gremlin Nob","floor":14,"turns":4},{"damage":37,"enemies":"The Guardian","floor":16,"turns":12},{"damage":18,"enemies":"Chosen","floor":18,"turns":5},{"damage":2,"enemies":"3 Byrds","floor":20,"turns":4},{"damage":9,"enemies":"Cultist and Chosen","floor":21,"turns":6},{"damage":11,"enemies":"Gremlin Leader","floor":24,"turns":6},{"damage":9,"enemies":"Snecko","floor":25,"turns":5},{"damage":9,"enemies":"Centurion and Healer","floor":28,"turns":5},{"damage":24,"enemies":"Slavers","floor":29,"turns":4},{"damage":39,"enemies":"Shelled Parasite and Fungi","floor":31,"turns":5},{"damage":48,"enemies":"Collector","floor":33,"turns":7},{"damage":14,"enemies":"3 Shapes","floor":35,"turns":4},{"damage":11,"enemies":"Orb Walker","floor":36,"turns":4},{"damage":6,"enemies":"Sphere and 2 Shapes","floor":37,"turns":3},{"damage":0,"enemies":"Transient","floor":45,"turns":5},{"damage":18,"enemies":"Spire Growth","floor":46,"turns":4},{"damage":0,"enemies":"Sphere and 2 Shapes","floor":48,"turns":2},{"damage":87,"enemies":"Time Eater","floor":50,"turns":7}],"seed_played":"-2734943983814933573","potions_obtained":[{"floor":5,"key":"DuplicationPotion"},{"floor":8,"key":"Swift Potion"},{"floor":18,"key":"PowerPotion"},{"floor":25,"key":"SkillPotion"},{"floor":45,"key":"AttackPotion"},{"floor":46,"key":"Regen Potion"}],"is_trial":false,"path_per_floor":["M","$","?","?","M","R","$","M","T","R","?","R","M","E","R","B",null,"M","?","M","M","$","R","E","M","T","?","M","E","R","M","R","B",null,"M","M","M","$","?","R","?","?","T","$","M","M","$","M","R","B"],"character_chosen":"DEFECT","items_purchased":["Blizzard","Static Discharge","Juzu Bracelet"],"campfire_rested":3,"item_purchase_floors":[2,22,38],"current_hp_per_floor":[76,76,76,76,73,73,73,73,73,73,48,48,48,43,43,18,82,64,69,67,58,58,58,47,50,50,50,53,41,65,38,62,26,82,68,57,51,51,51,51,51,51,51,51,51,45,45,45,68,0],"gold":23,"neow_bonus":"TEN_PERCENT_HP_BONUS","is_prod":false,"is_daily":false,"chose_seed":false,"campfire_upgraded":6,"win_rate":0.0,"timestamp":1632926502,"path_taken":["M","$","?","?","?","R","$","M","T","R","?","R","M","E","R","BOSS","M","?","M","?","$","R","E","M","T","?","M","E","R","M","R","BOSS","M","M","M","$","?","R","?","?","T","$","M","M","?","M","R","BOSS"],"build_version":"2020-01-27","purchased_purges":4,"victory":false,"max_hp_per_floor":[82,82,82,82,82,82,82,82,82,82,82,82,82,82,82,82,82,82,82,82,82,82,82,82,82,82,82,82,82,82,82,82,82,82,82,82,82,82,78,78,78,78,78,78,78,78,78,78,78,78],"card_choices":[{"not_picked":["Leap","Barrage"],"picked":"Cold Snap","floor":1},{"not_picked":["Cold Snap","Barrage"],"picked":"Loop","floor":5},{"not_picked":["Sweeping Beam","Coolheaded"],"picked":"Double Energy","floor":8},{"not_picked":["Double Energy","Steam Power","Hello World"],"picked":"SKIP","floor":13},{"not_picked":["Storm","Hologram"],"picked":"Capacitor","floor":14},{"not_picked":["Buffer","Fission"],"picked":"Rainbow","floor":16},{"not_picked":["Leap","Sweeping Beam"],"picked":"Coolheaded+1","floor":18},{"not_picked":["Beam Cell","Conserve Battery"],"picked":"Redo","floor":20},{"not_picked":["Double Energy","Hello World"],"picked":"Coolheaded+1","floor":21},{"not_picked":["Coolheaded","Hello World","Conserve Battery"],"picked":"SKIP","floor":24},{"not_picked":["Compile Driver+1","Fission"],"picked":"Redo+1","floor":25},{"not_picked":["Rip and Tear","Coolheaded+1"],"picked":"Doom and Gloom+1","floor":28},{"not_picked":["Genetic Algorithm","Hologram"],"picked":"Chaos","floor":29},{"not_picked":["Go for the Eyes","Redo","Consume"],"picked":"SKIP","floor":31},{"not_picked":["Thunder Strike","Amplify"],"picked":"Seek","floor":33},{"not_picked":["Capacitor","Compile Driver","Beam Cell+1"],"picked":"SKIP","floor":35},{"not_picked":["Capacitor+1","BootSequence+1"],"picked":"Ball Lightning","floor":36},{"not_picked":["Go for the Eyes","Coolheaded+1"],"picked":"Defragment+1","floor":37},{"not_picked":["Violence","Dramatic Entrance"],"picked":"Impatience","floor":42},{"not_picked":["Go for the Eyes","Leap+1","Reprogram+1"],"picked":"SKIP","floor":45},{"not_picked":["Conserve Battery","Coolheaded","Leap+1"],"picked":"SKIP","floor":46},{"not_picked":["Melter","Capacitor+1","Coolheaded"],"picked":"SKIP","floor":48}],"player_experience":12010,"relics_obtained":[{"floor":9,"key":"Mercury Hourglass"},{"floor":14,"key":"Orichalcum"},{"floor":24,"key":"MawBank"},{"floor":26,"key":"Pen Nib"},{"floor":29,"key":"Kunai"},{"floor":43,"key":"Bottled Lightning"}],"event_choices":[{"cards_removed":["Strike_B"],"damage_healed":0,"gold_gain":0,"player_choice":"Forget","damage_taken":0,"max_hp_gain":0,"max_hp_loss":0,"event_name":"Living Wall","floor":3,"gold_loss":0},{"cards_removed":["Strike_B"],"damage_healed":0,"gold_gain":0,"player_choice":"Took Card","damage_taken":0,"max_hp_gain":0,"max_hp_loss":0,"event_name":"NoteForYourself","floor":4,"gold_loss":0,"cards_obtained":["Iron Wave"]},{"damage_healed":0,"gold_gain":0,"player_choice":"Success","damage_taken":25,"relics_obtained":["Meat on the Bone"],"max_hp_gain":0,"max_hp_loss":0,"event_name":"Scrap Ooze","floor":11,"gold_loss":0},{"cards_removed":["Iron Wave"],"damage_healed":5,"gold_gain":0,"player_choice":"Offered Common","damage_taken":0,"max_hp_gain":0,"max_hp_loss":0,"event_name":"Bonfire Elementals","floor":19,"gold_loss":0},{"cards_removed":["Iron Wave"],"damage_healed":5,"gold_gain":0,"player_choice":"Offered Special","damage_taken":0,"max_hp_gain":0,"max_hp_loss":0,"event_name":"Bonfire Elementals","floor":19,"gold_loss":0},{"cards_removed":["Defend_B"],"damage_healed":0,"gold_gain":0,"player_choice":"Gave Gold","damage_taken":0,"max_hp_gain":0,"max_hp_loss":0,"event_name":"Beggar","floor":27,"gold_loss":75},{"damage_healed":0,"gold_gain":0,"player_choice":"Max HP","damage_taken":0,"max_hp_gain":0,"max_hp_loss":4,"event_name":"Winding Halls","floor":39,"gold_loss":0},{"cards_removed":["Cold Snap"],"damage_healed":0,"gold_gain":0,"player_choice":"Removed Attack","damage_taken":0,"max_hp_gain":0,"max_hp_loss":0,"event_name":"Falling","floor":41,"gold_loss":0},{"damage_healed":0,"gold_gain":0,"player_choice":"Memory 1","damage_taken":0,"max_hp_gain":0,"max_hp_loss":0,"event_name":"SensoryStone","floor":42,"gold_loss":0}],"is_beta":false,"boss_relics":[{"not_picked":["Snecko Eye","Astrolabe"],"picked":"SlaversCollar"},{"not_picked":["FrozenCore","Inserter"],"picked":"Nuclear Battery"}],"items_purged_floors":[7,22,38,47],"is_endless":false,"potions_floor_spawned":[5,8,18,25,31,45,46,48],"killed_by":"Time Eater","ascension_level":0}