{"gold_per_floor":[109,109,109,129,141,170,216,291,591,607,623,623,623,349,349,448,448,468,481,501,515,614,642,642,672,696,400,400,411,427,427,427,530,530,544,544,544,176,176,176,201,54,81,92,110,110,120,45,45,45],"floor_reached":51,"playtime":4795,"items_purged":["Defend_B","Strike_B","Defend_B","Defend_B"],"score":815,"play_id":"8e32ec8d-a991-4436-a44a-01842ec1f01a","local_time":"20210930152257","is_ascension_mode":false,"campfire_choices":[{"floor":13.0,"key":"REST"},{"data":"Self Repair","floor":15.0,"key":"SMITH"},{"floor":24.0,"key":"REST"},{"floor":28.0,"key":"REST"},{"data":"Rainbow","floor":32.0,"key":"SMITH"},{"data":"Apotheosis","floor":40,"key":"SMITH"},{"data":"Storm","floor":49,"key":"SMITH"}],"neow_cost":"NONE","seed_source_timestamp":565928004586,"circlet_count":0,"master_deck":["Zap","Dualcast","Cold Snap","White Noise","FTL","Self Repair+1","Rainbow+1","Doom and Gloom","Static Discharge","Storm+1","Ball Lightning+1","Defragment+1","Redo","DeusExMachina","Apotheosis+1","Blizzard","Parasite","Compile Driver+1","Panacea+1","Stack"],"special_seed":0,"relics":["FrozenCore","Orichalcum","Centennial Puzzle","Old Coin","Frozen Egg 2","Calipers","Regal Pillow","PrismaticShard","Black Star","Membership Card","Sundial","Bird Faced Urn","Meat on the Bone","ClockworkSouvenir","MealTicket","Orrery"],"potions_floor_usage":[33,33,33,33,33,41,50,50],"damage_taken":[{"damage":1.0,"enemies":"Jaw Worm","floor":1.0,"turns":3.0},{"damage":1.0,"enemies":"Small Slimes","floor":4.0,"turns":4.0},{"damage":0.0,"enemies":"Cultist","floor":5.0,"turns":3.0},{"damage":15.0,"enemies":"Lagavulin","floor":6.0,"turns":6.0},{"damage":0.0,"enemies":"3 Louse","floor":10.0,"turns":4.0},{"damage":7.0,"enemies":"Blue Slaver","floor":11.0,"turns":3.0},{"damage":28.0,"enemies":"Slime Boss","floor":16.0,"turns":13.0},{"damage":7.0,"enemies":"Shell Parasite","floor":18.0,"turns":9.0},{"damage":3.0,"enemies":"Chosen","floor":19.0,"turns":4.0},{"damage":15.0,"enemies":"Centurion and Healer","floor":20.0,"turns":8.0},{"damage":34.0,"enemies":"Cultist and Chosen","floor":21.0,"turns":5.0},{"damage":43.0,"enemies":"Gremlin Leader","floor":23.0,"turns":5.0},{"damage":43.0,"enemies":"Book of Stabbing","floor":25.0,"turns":5.0},{"damage":3.0,"enemies":"Snecko","floor":29.0,"turns":5.0},{"damage":13.0,"enemies":"Centurion and Healer","floor":30.0,"turns":5.0},{"damage":43,"enemies":"Automaton","floor":33,"turns":7},{"damage":5,"enemies":"Orb Walker","floor":35,"turns":3},{"damage":22,"enemies":"Nemesis","floor":41,"turns":9},{"damage":9,"enemies":"3 Darklings","floor":44,"turns":3},{"damage":11,"enemies":"Sphere and 2 Shapes","floor":45,"turns":6},{"damage":11,"enemies":"Writhing Mass","floor":47,"turns":4},{"damage":61,"enemies":"Time Eater","floor":50,"turns":10}],"seed_played":"6327758795056119477","potions_obtained":[{"floor":5.0,"key":"CultistPotion"},{"floor":6.0,"key":"Dexterity Potion"},{"floor":10.0,"key":"AttackPotion"},{"floor":18.0,"key":"Fruit Juice"},{"floor":20.0,"key":"Strength Potion"},{"floor":25.0,"key":"EntropicBrew"},{"floor":30.0,"key":"Regen Potion"},{"floor":35,"key":"SkillPotion"},{"floor":45,"key":"EssenceOfDarkness"},{"floor":47,"key":"Block Potion"}],"is_trial":false,"path_per_floor":["M","?","?","M","M","E","T","?","T","M","M","?","R","$","R","B",null,"M","M","M","M","?","E","R","E","T","$","R","M","M","?","R","B",null,"M","?","?","$","?","R","E","$","T","M","M","?","M","$","R","B",null],"character_chosen":"DEFECT","items_purchased":["Self Repair","Panache","Redo","PrismaticShard","Membership Card","Blizzard","Sundial","ClockworkSouvenir","Orrery"],"campfire_rested":3,"item_purchase_floors":[14,14,27,27,38,38,38,42,48],"current_hp_per_floor":[81,81,74,73,73,58,58,47,47,47,40,40,64,64,64,46,82,87,87,82,58,58,25,51,18,18,18,59,66,63,46,46,27,92,92,92,92,92,87,87,75,75,75,86,87,87,87,87,87,52],"gold":45,"neow_bonus":"TEN_PERCENT_HP_BONUS","is_prod":false,"is_daily":false,"chose_seed":false,"campfire_upgraded":4,"win_rate":0.0,"timestamp":1632986577,"path_taken":["M","?","?","M","M","E","?","?","T","?","M","?","R","$","R","BOSS","M","?","M","M","?","E","R","E","T","$","R","M","M","?","R","BOSS","M","?","?","?","?","R","E","$","T","M","M","?","?","$","R","BOSS"],"build_version":"2020-01-27","purchased_purges":4,"victory":true,"max_hp_per_floor":[82,82,82,82,82,82,82,82,82,82,82,82,82,82,82,82,82,87,87,87,87,87,87,87,87,87,87,87,87,87,92,92,92,92,92,92,92,92,87,87,87,87,87,87,87,87,87,87,87,87],"card_choices":[{"not_picked":["Sweeping Beam","Lockon","Leap"],"picked":"SKIP","floor":1.0},{"not_picked":["Blizzard","Hello World"],"picked":"Cold Snap","floor":4.0},{"not_picked":["Melter","Conserve Battery"],"picked":"White Noise","floor":5.0},{"not_picked":["Compile Driver","Lockon"],"picked":"FTL","floor":6.0},{"not_picked":["Undo","Barrage","Go for the Eyes"],"picked":"SKIP","floor":10.0},{"not_picked":["Hologram","Beam Cell","Go for the Eyes"],"picked":"SKIP","floor":11.0},{"not_picked":["All For One","Buffer"],"picked":"Rainbow","floor":16.0},{"not_picked":["Self Repair","Cold Snap","Sweeping Beam"],"picked":"SKIP","floor":18.0},{"not_picked":["Fusion","Gash+1"],"picked":"Doom and Gloom","floor":19.0},{"not_picked":["Sweeping Beam","Hello World"],"picked":"Static Discharge","floor":20.0},{"not_picked":["Self Repair","Sweeping Beam"],"picked":"Storm","floor":21.0},{"not_picked":["Rebound","Barrage+1"],"picked":"Ball Lightning+1","floor":23.0},{"not_picked":["Sweeping Beam","Skim+1"],"picked":"Defragment+1","floor":25.0},{"not_picked":["Riddle With Holes","DeceiveReality","Sever Soul"],"picked":"SKIP","floor":29.0},{"not_picked":["Go for the Eyes","EmptyBody","SignatureMove"],"picked":"SKIP","floor":30.0},{"not_picked":["Chrysalis","Amplify"],"picked":"DeusExMachina","floor":33},{"not_picked":["Underhanded Strike+1","Deflect+1","Conclude"],"picked":"SKIP","floor":35},{"not_picked":["Impatience","Purity"],"picked":"Apotheosis","floor":36},{"not_picked":["Cold Snap+1","Heel Hook","Sucker Punch+1"],"picked":"SKIP","floor":41},{"not_picked":["Sweeping Beam","Pummel+1","Go for the Eyes+1"],"picked":"SKIP","floor":44},{"not_picked":["CutThroughFate+1","Adaptation+1","Compile Driver+1"],"picked":"SKIP","floor":45},{"not_picked":["CutThroughFate+1","Adaptation+1","Compile Driver+1"],"picked":"SKIP","floor":45},{"not_picked":["BootSequence","Sword Boomerang+1"],"picked":"Compile Driver+1","floor":47},{"not_picked":["Feel No Pain+1","Warcry+1"],"picked":"Panacea+1","floor":48},{"not_picked":["CrushJoints+1","Ragnarok"],"picked":"Stack","floor":48}],"player_experience":21666,"relics_obtained":[{"floor":6.0,"key":"Orichalcum"},{"floor":7.0,"key":"Centennial Puzzle"},{"floor":9.0,"key":"Old Coin"},{"floor":23.0,"key":"Frozen Egg 2"},{"floor":25.0,"key":"Calipers"},{"floor":26.0,"key":"Regal Pillow"},{"floor":41,"key":"Bird Faced Urn"},{"floor":41,"key":"Meat on the Bone"},{"floor":43,"key":"MealTicket"}],"event_choices":[{"cards_removed":["Strike_B"],"damage_healed":0.0,"max_hp_gain":0.0,"max_hp_loss":0.0,"gold_gain":0.0,"event_name":"Living Wall","player_choice":"Forget","floor":2.0,"gold_loss":0.0,"damage_taken":0.0},{"cards_removed":["Strike_B"],"damage_healed":0.0,"max_hp_gain":0.0,"max_hp_loss":0.0,"gold_gain":0.0,"event_name":"Golden Wing","player_choice":"Card Removal","floor":3.0,"gold_loss":0.0,"damage_taken":7.0},{"damage_healed":0.0,"max_hp_gain":0.0,"max_hp_loss":0.0,"gold_gain":75.0,"event_name":"World of Goop","player_choice":"Gather Gold","floor":8.0,"gold_loss":0.0,"damage_taken":11.0},{"cards_removed":["Strike_B"],"damage_healed":0.0,"max_hp_gain":0.0,"max_hp_loss":0.0,"gold_gain":0.0,"event_name":"Purifier","player_choice":"Purged","floor":12.0,"gold_loss":0.0,"damage_taken":0.0},{"damage_healed":0.0,"max_hp_gain":0.0,"max_hp_loss":0.0,"gold_gain":99.0,"event_name":"Nest","player_choice":"Stole From Cult","floor":22.0,"gold_loss":0.0,"damage_taken":0.0},{"damage_healed":0.0,"max_hp_gain":5.0,"max_hp_loss":0.0,"gold_gain":0.0,"event_name":"Forgotten Altar","player_choice":"Shed Blood","floor":31.0,"gold_loss":0.0,"damage_taken":22.0},{"damage_healed":0,"gold_gain":0,"player_choice":"Memory 1","damage_taken":0,"max_hp_gain":0,"max_hp_loss":0,"event_name":"SensoryStone","floor":36,"gold_loss":0},{"cards_removed":["Panache"],"damage_healed":0,"gold_gain":0,"player_choice":"Removed Power","damage_taken":0,"max_hp_gain":0,"max_hp_loss":0,"event_name":"Falling","floor":37,"gold_loss":0},{"damage_healed":0,"gold_gain":0,"player_choice":"Max HP","damage_taken":0,"max_hp_gain":0,"max_hp_loss":5,"event_name":"Winding Halls","floor":39,"gold_loss":0},{"cards_removed":["Defend_B"],"damage_healed":0,"gold_gain":0,"player_choice":"Purged","damage_taken":0,"max_hp_gain":0,"max_hp_loss":0,"event_name":"Purifier","floor":46,"gold_loss":0}],"is_beta":false,"boss_relics":[{"not_picked":["Snecko Eye","Cursed Key"],"picked":"FrozenCore"},{"not_picked":["Runic Dome","Astrolabe"],"picked":"Black Star"}],"items_purged_floors":[14,27,38,42],"is_endless":false,"potions_floor_spawned":[5,6,10,18,20,25,30,35,45,47],"ascension_level":0}