{"gold_per_floor":[116,116,116,132,147,191,191,191,218,236,1,19,63,82,82,207,207,207,207,207,207,207,207,207,207,207,107,107,107,107,107,107,107,107,107,107,107,107,107],"floor_reached":39,"playtime":2137,"items_purged":["Strike_B","Defend_B"],"score":495,"play_id":"201bfa2c-76c2-4390-914a-d8289aa95614","local_time":"20211006141045","is_ascension_mode":true,"campfire_choices":[{"data":"Defragment","floor":8,"key":"SMITH"},{"floor":15,"key":"REST"},{"floor":24,"key":"REST"},{"data":"Fission","floor":28,"key":"SMITH"},{"data":"Capacitor","floor":30,"key":"SMITH"},{"data":"Redo","floor":32,"key":"SMITH"}],"neow_cost":"NONE","seed_source_timestamp":80595264338240,"circlet_count":0,"master_deck":["Defend_B","Defend_B","Zap","Dualcast","Defragment+1","Glacier","Loop","Capacitor+1","Cold Snap","Fission+1","Genetic Algorithm","Redo+1","Barrage","Thunder Strike","Coolheaded","Creative AI"],"relics":["Cracked Core","NeowsBlessing","Golden Idol","Lantern","Regal Pillow","MealTicket","Toy Ornithopter","Ectoplasm","Bag of Marbles","Orichalcum","Nilry\u0027s Codex","SlaversCollar"],"potions_floor_usage":[13,13],"damage_taken":[{"damage":0,"enemies":"Small Slimes","floor":1,"turns":1},{"damage":0,"enemies":"2 Louse","floor":4,"turns":1},{"damage":0,"enemies":"Cultist","floor":5,"turns":1},{"damage":27,"enemies":"Gremlin Nob","floor":6,"turns":5},{"damage":19,"enemies":"3 Louse","floor":10,"turns":3},{"damage":17,"enemies":"Gremlin Gang","floor":12,"turns":5},{"damage":0,"enemies":"3 Sentries","floor":13,"turns":2},{"damage":0,"enemies":"Looter","floor":14,"turns":4},{"damage":18,"enemies":"Slime Boss","floor":16,"turns":7},{"damage":15,"enemies":"Chosen","floor":18,"turns":6},{"damage":9,"enemies":"3 Byrds","floor":22,"turns":5},{"damage":36,"enemies":"Book of Stabbing","floor":23,"turns":8},{"damage":10,"enemies":"Automaton","floor":33,"turns":9},{"damage":6,"enemies":"Orb Walker","floor":35,"turns":4},{"damage":38,"enemies":"3 Shapes","floor":38,"turns":7},{"damage":35,"enemies":"Jaw Worm Horde","floor":39,"turns":2}],"seed_played":"-4816563470512129123","potions_obtained":[{"floor":5,"key":"Dexterity Potion"},{"floor":6,"key":"AttackPotion"},{"floor":10,"key":"Block Potion"},{"floor":12,"key":"PowerPotion"}],"is_trial":false,"path_per_floor":["M","?","?","M","M","E","?","R","T","M","$","M","E","M","R","B",null,"M","?","?","?","M","E","R","?","T","$","R","?","R","?","R","B",null,"M","?","?","M","M"],"character_chosen":"DEFECT","items_purchased":["Fission"],"campfire_rested":2,"item_purchase_floors":[11],"current_hp_per_floor":[75,75,75,75,75,48,48,48,48,29,44,27,27,27,64,46,75,60,60,60,60,51,15,52,52,52,67,67,67,67,51,51,41,75,69,69,69,31,0],"gold":107,"neow_bonus":"THREE_ENEMY_KILL","is_prod":false,"is_daily":false,"chose_seed":false,"campfire_upgraded":4,"win_rate":0,"timestamp":1633500645,"path_taken":["M","?","?","?","M","E","?","R","T","M","$","?","E","M","R","BOSS","M","?","?","?","?","E","R","?","T","$","R","?","R","?","R","BOSS","M","?","?","M","M"],"build_version":"2020-01-27","purchased_purges":2,"victory":false,"max_hp_per_floor":[75,75,75,75,75,75,75,75,75,75,75,75,75,75,75,75,75,75,75,75,75,75,75,75,75,75,75,75,75,75,75,75,75,75,75,75,75,75,75],"card_choices":[{"not_picked":["Sweeping Beam","Sunder"],"picked":"Defragment","floor":1},{"not_picked":["Auto Shields","Hello World"],"picked":"Glacier","floor":4},{"not_picked":["Reprogram","Chill"],"picked":"Loop","floor":5},{"not_picked":["Turbo","Streamline"],"picked":"Capacitor","floor":6},{"not_picked":["Go for the Eyes","Turbo"],"picked":"Cold Snap","floor":10},{"not_picked":["Go for the Eyes","Glacier"],"picked":"Genetic Algorithm","floor":12},{"not_picked":["Loop","Barrage"],"picked":"Redo","floor":13},{"not_picked":["Multi-Cast","Ball Lightning"],"picked":"Barrage","floor":14},{"not_picked":["Creative AI","Amplify"],"picked":"Thunder Strike","floor":16},{"not_picked":["Compile Driver","Chill+1","Barrage"],"picked":"SKIP","floor":18},{"not_picked":["Stack+1","Go for the Eyes","Leap"],"picked":"SKIP","floor":22},{"not_picked":["Steam Power+1","Steam+1","Cold Snap"],"picked":"SKIP","floor":23},{"not_picked":["Hyperbeam","All For One"],"picked":"Creative AI","floor":33},{"not_picked":["Gash+1","Coolheaded+1","Cold Snap+1"],"picked":"SKIP","floor":35},{"not_picked":["Rebound+1","Stack+1","Compile Driver+1"],"picked":"SKIP","floor":38}],"player_experience":90942,"relics_obtained":[{"floor":6,"key":"Lantern"},{"floor":9,"key":"MealTicket"},{"floor":13,"key":"Toy Ornithopter"},{"floor":23,"key":"Bag of Marbles"},{"floor":26,"key":"Orichalcum"},{"floor":31,"key":"Nilry\u0027s Codex"}],"event_choices":[{"damage_healed":0,"gold_gain":0,"player_choice":"Take Wound","damage_taken":0,"relics_obtained":["Golden Idol"],"max_hp_gain":0,"max_hp_loss":0,"event_name":"Golden Idol","floor":2,"gold_loss":0,"cards_obtained":["Injury"]},{"cards_removed":["Injury"],"damage_healed":0,"gold_gain":0,"player_choice":"Removed Curses","damage_taken":0,"max_hp_gain":0,"max_hp_loss":0,"event_name":"Fountain of Cleansing","floor":3,"gold_loss":0},{"damage_healed":0,"gold_gain":0,"player_choice":"Gave Potion","damage_taken":0,"relics_obtained":["Regal Pillow"],"max_hp_gain":0,"max_hp_loss":0,"event_name":"WeMeetAgain","floor":7,"gold_loss":0},{"damage_healed":0,"gold_gain":99,"player_choice":"Stole From Cult","damage_taken":0,"max_hp_gain":0,"max_hp_loss":0,"event_name":"Nest","floor":19,"gold_loss":0},{"damage_healed":0,"gold_gain":0,"cards_transformed":["Strike_B","Strike_B"],"player_choice":"Became Test Subject","damage_taken":0,"max_hp_gain":0,"max_hp_loss":0,"event_name":"Drug Dealer","floor":20,"gold_loss":0,"cards_obtained":["Rebound","Coolheaded"]},{"cards_removed":["Strike_B"],"damage_healed":0,"gold_gain":0,"player_choice":"Purged","damage_taken":0,"max_hp_gain":0,"max_hp_loss":0,"event_name":"Purifier","floor":21,"gold_loss":0},{"damage_healed":0,"gold_gain":0,"player_choice":"Ignored","damage_taken":0,"max_hp_gain":0,"max_hp_loss":0,"event_name":"Ghosts","floor":25,"gold_loss":0},{"cards_removed":["Defend_B"],"damage_healed":0,"gold_gain":0,"player_choice":"Elegance","damage_taken":0,"max_hp_gain":0,"max_hp_loss":0,"event_name":"Back to Basics","floor":29,"gold_loss":0},{"damage_healed":0,"gold_gain":0,"player_choice":"Obtained Book","damage_taken":16,"max_hp_gain":0,"max_hp_loss":0,"event_name":"Cursed Tome","floor":31,"gold_loss":0},{"cards_removed":["Rebound"],"damage_healed":0,"gold_gain":0,"player_choice":"Removed Attack","damage_taken":0,"max_hp_gain":0,"max_hp_loss":0,"event_name":"Falling","floor":36,"gold_loss":0},{"damage_healed":0,"gold_gain":0,"player_choice":"Ignored","damage_taken":0,"max_hp_gain":0,"max_hp_loss":0,"event_name":"Tomb of Lord Red Mask","floor":37,"gold_loss":0}],"is_beta":false,"boss_relics":[{"not_picked":["Busted Crown","Velvet Choker"],"picked":"Ectoplasm"},{"not_picked":["Tiny House","Astrolabe"],"picked":"SlaversCollar"}],"items_purged_floors":[11,27],"is_endless":false,"potions_floor_spawned":[5,6,10,12],"killed_by":"Jaw Worm Horde","ascension_level":3}