{"gold_per_floor":[115,115,127,127,127,127,161,336,336,353,388,407,169,169,169,268,268,285,285,301,313,324,349,136,136,185,185,210,221,221,146,146,245,245,263,263,313,313,313,313,326,326,381,331,331,331,361,13,13,13],"floor_reached":51,"playtime":2934,"items_purged":["Doubt","Strike_B","Defend_B","Strike_B+1"],"score":884,"play_id":"fcbf9457-e365-41c1-90ba-8dc4e0f9ccd1","local_time":"20211005124609","is_ascension_mode":true,"campfire_choices":[{"data":"Defragment","floor":6.0,"key":"SMITH"},{"floor":15.0,"key":"REST"},{"data":"Apotheosis","floor":25.0,"key":"SMITH"},{"floor":32.0,"key":"REST"},{"data":"Rainbow","floor":40.0,"key":"SMITH"},{"data":"Seek","floor":42.0,"key":"SMITH"},{"data":"Fission","floor":46,"key":"SMITH"},{"data":"Reboot","floor":49,"key":"SMITH"}],"neow_cost":"NONE","seed_source_timestamp":0,"circlet_count":0,"master_deck":["Defend_B","Zap","Dualcast","Electrodynamics+1","Defragment+1","Rainbow+1","Cold Snap+1","Redo","Apotheosis+1","Fission+1","Barrage","Self Repair","Coolheaded","Reboot+1","Loop","Thunder Strike","CurseOfTheBell","Seek+1","Glacier+1","Storm"],"special_seed":0,"relics":["Cracked Core","Happy Flower","Thread and Needle","Letter Opener","Matryoshka","Inserter","Smiling Mask","Regal Pillow","Whetstone","PreservedInsect","Lantern","Calling Bell","Strawberry","Gremlin Horn","StoneCalendar","Bird Faced Urn","Juzu Bracelet","Vajra","MealTicket","Bag of Preparation"],"potions_floor_usage":[50],"damage_taken":[{"damage":0.0,"enemies":"Small Slimes","floor":1.0,"turns":3.0},{"damage":2.0,"enemies":"Jaw Worm","floor":3.0,"turns":4.0},{"damage":4.0,"enemies":"3 Sentries","floor":7.0,"turns":2.0},{"damage":0.0,"enemies":"2 Louse","floor":10.0,"turns":1.0},{"damage":6.0,"enemies":"Lagavulin","floor":11.0,"turns":5.0},{"damage":9.0,"enemies":"Large Slime","floor":12.0,"turns":3.0},{"damage":3.0,"enemies":"The Guardian","floor":16.0,"turns":8.0},{"damage":1.0,"enemies":"Chosen","floor":18.0,"turns":4.0},{"damage":5.0,"enemies":"Spheric Guardian","floor":20.0,"turns":3.0},{"damage":18.0,"enemies":"Shelled Parasite and Fungi","floor":21.0,"turns":3.0},{"damage":8.0,"enemies":"Centurion and Healer","floor":22.0,"turns":3.0},{"damage":23.0,"enemies":"Slavers","floor":23.0,"turns":4.0},{"damage":17.0,"enemies":"Colosseum Slavers","floor":27.0,"turns":3.0},{"damage":17.0,"enemies":"Book of Stabbing","floor":28.0,"turns":4.0},{"damage":0.0,"enemies":"3 Cultists","floor":29.0,"turns":2.0},{"damage":10.0,"enemies":"Automaton","floor":33.0,"turns":6.0},{"damage":14.0,"enemies":"Orb Walker","floor":35.0,"turns":3.0},{"damage":0.0,"enemies":"Mind Bloom Boss Battle","floor":37.0,"turns":4.0},{"damage":29.0,"enemies":"3 Darklings","floor":41.0,"turns":3.0},{"damage":19,"enemies":"Nemesis","floor":47,"turns":3},{"damage":8,"enemies":"Awakened One","floor":50,"turns":7}],"seed_played":"-843702954690795016","potions_obtained":[{"floor":1.0,"key":"Swift Potion"},{"floor":10.0,"key":"Energy Potion"},{"floor":12.0,"key":"AttackPotion"},{"floor":18.0,"key":"Block Potion"},{"floor":22.0,"key":"FocusPotion"},{"floor":35.0,"key":"PotionOfCapacity"}],"is_trial":false,"path_per_floor":["M","?","M","?","?","R","E","?","T","M","E","M","$","T","R","B",null,"M","?","M","M","M","E","$","R","T","?","E","M","?","?","R","B",null,"M","?","?","?","?","R","M","R","T","$","?","R","E","$","R","B",null],"character_chosen":"DEFECT","items_purchased":["Apotheosis","Reboot","Bag of Preparation","Storm","LiquidMemories"],"campfire_rested":2,"item_purchase_floors":[13,24,48,48,48],"current_hp_per_floor":[75,68,66,66,51,51,47,47,47,47,41,32,32,32,54,51,75,74,74,69,61,53,37,37,37,37,20,23,33,19,19,58,55,87,80,80,87,87,87,87,72,72,72,72,72,72,71,86,86,87],"gold":13,"neow_bonus":"TRANSFORM_CARD","is_prod":false,"is_daily":false,"chose_seed":false,"campfire_upgraded":6,"win_rate":0,"timestamp":1633409169,"path_taken":["M","?","M","?","?","R","E","?","T","M","E","M","$","?","R","BOSS","M","?","?","M","?","E","$","R","T","?","E","M","?","?","R","BOSS","M","?","?","?","?","R","M","R","T","$","?","R","E","$","R","BOSS"],"build_version":"2020-01-27","purchased_purges":4,"victory":true,"max_hp_per_floor":[75,75,75,75,75,75,75,75,75,75,75,75,75,75,75,75,75,75,75,75,75,75,75,75,75,75,75,75,75,80,80,80,80,87,87,87,87,87,87,87,87,87,87,87,87,87,87,87,87,87],"card_choices":[{"not_picked":["Heatsinks","Compile Driver"],"picked":"Defragment","floor":1.0},{"not_picked":["Barrage","Reprogram"],"picked":"Static Discharge","floor":3.0},{"not_picked":["Recycle","Doom and Gloom"],"picked":"Rainbow","floor":7.0},{"not_picked":["Skim","Gash"],"picked":"Cold Snap","floor":10.0},{"not_picked":["Turbo","Go for the Eyes"],"picked":"Redo","floor":11.0},{"not_picked":["Lockon","Sunder","Blizzard"],"picked":"SKIP","floor":12.0},{"not_picked":["Reboot","Multi-Cast"],"picked":"Fission","floor":16.0},{"not_picked":["Stack","Steam"],"picked":"Barrage","floor":18.0},{"not_picked":["Conserve Battery","Lockon"],"picked":"Self Repair","floor":20.0},{"not_picked":["Rip and Tear","Redo","Sunder"],"picked":"SKIP","floor":21.0},{"not_picked":["Conserve Battery","Ball Lightning"],"picked":"Coolheaded","floor":22.0},{"not_picked":["Static Discharge","Glacier","Compile Driver"],"picked":"SKIP","floor":23.0},{"not_picked":["Fusion","Barrage","Fission"],"picked":"SKIP","floor":28.0},{"not_picked":["Tempest","Chaos"],"picked":"Loop","floor":29.0},{"not_picked":["Creative AI","All For One"],"picked":"Thunder Strike","floor":33.0},{"not_picked":["Compile Driver","Rebound+1","Cold Snap"],"picked":"SKIP","floor":35.0},{"not_picked":["Steam+1","Rebound"],"picked":"Seek","floor":41.0},{"not_picked":["Force Field","Steam"],"picked":"Glacier+1","floor":47}],"player_experience":71387,"relics_obtained":[{"floor":7.0,"key":"Happy Flower"},{"floor":9.0,"key":"Thread and Needle"},{"floor":11.0,"key":"Letter Opener"},{"floor":14.0,"key":"Matryoshka"},{"floor":23.0,"key":"Regal Pillow"},{"floor":26.0,"key":"Whetstone"},{"floor":26.0,"key":"PreservedInsect"},{"floor":28.0,"key":"Lantern"},{"floor":34.0,"key":"Strawberry"},{"floor":34.0,"key":"Gremlin Horn"},{"floor":34.0,"key":"StoneCalendar"},{"floor":37.0,"key":"Bird Faced Urn"},{"floor":43.0,"key":"Juzu Bracelet"},{"floor":43.0,"key":"Vajra"},{"floor":47,"key":"MealTicket"}],"event_choices":[{"cards_removed":["Strike_B"],"damage_healed":0.0,"max_hp_gain":0.0,"max_hp_loss":0.0,"gold_gain":0.0,"event_name":"Golden Wing","player_choice":"Card Removal","floor":2.0,"gold_loss":0.0,"damage_taken":7.0},{"cards_removed":["Defend_B"],"damage_healed":0.0,"max_hp_gain":0.0,"max_hp_loss":0.0,"gold_gain":0.0,"event_name":"Living Wall","player_choice":"Forget","floor":4.0,"gold_loss":0.0,"damage_taken":0.0},{"damage_healed":0.0,"max_hp_gain":0.0,"max_hp_loss":0.0,"gold_gain":0.0,"event_name":"Shining Light","player_choice":"Entered Light","floor":5.0,"gold_loss":0.0,"damage_taken":15.0,"cards_upgraded":["Electrodynamics","Static Discharge"]},{"damage_healed":0.0,"max_hp_gain":0.0,"max_hp_loss":0.0,"gold_gain":175.0,"event_name":"Liars Game","player_choice":"AGREE","floor":8.0,"gold_loss":0.0,"damage_taken":0.0,"cards_obtained":["Doubt"]},{"damage_healed":0.0,"max_hp_gain":0.0,"max_hp_loss":0.0,"gold_gain":0.0,"event_name":"WeMeetAgain","player_choice":"Gave Potion","floor":19.0,"gold_loss":0.0,"damage_taken":0.0,"relics_obtained":["Smiling Mask"]},{"damage_healed":0.0,"max_hp_gain":0.0,"max_hp_loss":0.0,"gold_gain":0.0,"event_name":"Colosseum","player_choice":"Fight","floor":27.0,"gold_loss":0.0,"damage_taken":0.0},{"damage_healed":0.0,"max_hp_gain":0.0,"max_hp_loss":0.0,"gold_gain":0.0,"event_name":"Colosseum","player_choice":"Fled From Nobs","floor":27.0,"gold_loss":0.0,"damage_taken":0.0},{"damage_healed":0.0,"max_hp_gain":5.0,"max_hp_loss":0.0,"gold_gain":0.0,"event_name":"Forgotten Altar","player_choice":"Shed Blood","floor":30.0,"gold_loss":0.0,"damage_taken":19.0},{"cards_removed":["Defend_B"],"damage_healed":0.0,"max_hp_gain":0.0,"max_hp_loss":0.0,"gold_gain":0.0,"event_name":"Beggar","player_choice":"Gave Gold","floor":31.0,"gold_loss":75.0,"damage_taken":0.0},{"damage_healed":0.0,"max_hp_gain":0.0,"max_hp_loss":0.0,"gold_gain":0.0,"event_name":"SensoryStone","player_choice":"Memory 1","floor":36.0,"gold_loss":0.0,"damage_taken":0.0},{"damage_healed":0.0,"max_hp_gain":0.0,"max_hp_loss":0.0,"gold_gain":0.0,"event_name":"MindBloom","player_choice":"Fight","floor":37.0,"gold_loss":0.0,"damage_taken":0.0},{"cards_removed":["Static Discharge"],"damage_healed":0.0,"max_hp_gain":0.0,"max_hp_loss":0.0,"gold_gain":0.0,"event_name":"Falling","player_choice":"Removed Power","floor":38.0,"gold_loss":0.0,"damage_taken":0.0},{"damage_healed":0.0,"max_hp_gain":0.0,"max_hp_loss":0.0,"gold_gain":0.0,"event_name":"Match and Keep!","player_choice":"0 cards matched","floor":39.0,"gold_loss":0.0,"damage_taken":0.0,"cards_obtained":[]},{"damage_healed":0,"gold_gain":0,"player_choice":"Ignored","damage_taken":0,"max_hp_gain":0,"max_hp_loss":0,"event_name":"Mysterious Sphere","floor":45,"gold_loss":0}],"is_beta":false,"boss_relics":[{"not_picked":["Sozu","Snecko Eye"],"picked":"Inserter"},{"not_picked":["Fusion Hammer","Velvet Choker"],"picked":"Calling Bell"}],"items_purged_floors":[13,24,44,48],"is_endless":false,"potions_floor_spawned":[1,10,12,18,22,27,35],"ascension_level":2}