{"gold_per_floor":[118,118,118,129,147,176,196,225,225,225,239,259,8,25,25,120,120,140,156,170,199,212,212,212,228,228,228,259,259,259,272,272,370,370,389,389,389,181,200,200,200],"floor_reached":41,"playtime":2440,"items_purged":["Strike_B","Beam Cell+1"],"score":489,"play_id":"0b0d210a-f7df-4acb-94fb-919f9fffbd32","local_time":"20211006151525","is_ascension_mode":true,"campfire_choices":[{"floor":10.0,"key":"REST"},{"data":"Rainbow","floor":15.0,"key":"SMITH"},{"floor":23.0,"key":"REST"},{"floor":27.0,"key":"REST"},{"data":"Fission","floor":30.0,"key":"SMITH"},{"floor":32.0,"key":"REST"},{"floor":40,"key":"REST"}],"neow_cost":"NONE","seed_source_timestamp":0,"circlet_count":0,"master_deck":["Zap+1","Dualcast+1","Beam Cell+1","Ball Lightning+1","Blizzard+1","White Noise+1","Capacitor+1","Loop+1","Rainbow+1","Core Surge+1","Fission+1","Lockon+1","Echo Form+1","Go for the Eyes+1","Redo+1","Double Energy+1","Storm+1","Seek+1","Tempest+1"],"special_seed":0,"relics":["Cracked Core","Bronze Scales","Bird Faced Urn","Potion Belt","Cables","Membership Card","Pandora\u0027s Box","Red Mask","TungstenRod","Molten Egg 2","Pocketwatch","Velvet Choker","Mark of the Bloom","Thread and Needle"],"potions_floor_usage":[],"damage_taken":[{"damage":0.0,"enemies":"Cultist","floor":1.0,"turns":3.0},{"damage":0.0,"enemies":"Small Slimes","floor":4.0,"turns":2.0},{"damage":0.0,"enemies":"Jaw Worm","floor":5.0,"turns":3.0},{"damage":28.0,"enemies":"Gremlin Nob","floor":6.0,"turns":4.0},{"damage":8.0,"enemies":"3 Louse","floor":7.0,"turns":3.0},{"damage":27.0,"enemies":"3 Sentries","floor":8.0,"turns":7.0},{"damage":0.0,"enemies":"Large Slime","floor":11.0,"turns":4.0},{"damage":16.0,"enemies":"Blue Slaver","floor":12.0,"turns":3.0},{"damage":0.0,"enemies":"Exordium Wildlife","floor":14.0,"turns":2.0},{"damage":11.0,"enemies":"The Guardian","floor":16.0,"turns":6.0},{"damage":8.0,"enemies":"Chosen","floor":18.0,"turns":3.0},{"damage":40.0,"enemies":"3 Byrds","floor":19.0,"turns":4.0},{"damage":23.0,"enemies":"3 Cultists","floor":20.0,"turns":5.0},{"damage":8.0,"enemies":"Masked Bandits","floor":21.0,"turns":4.0},{"damage":8.0,"enemies":"Snecko","floor":22.0,"turns":3.0},{"damage":27.0,"enemies":"Centurion and Healer","floor":25.0,"turns":5.0},{"damage":29.0,"enemies":"Gremlin Leader","floor":28.0,"turns":5.0},{"damage":15.0,"enemies":"Snake Plant","floor":31.0,"turns":2.0},{"damage":54.0,"enemies":"Automaton","floor":33.0,"turns":8.0},{"damage":56,"enemies":"3 Darklings","floor":35,"turns":5},{"damage":8,"enemies":"Orb Walker","floor":39,"turns":2},{"damage":28,"enemies":"Reptomancer","floor":41,"turns":2}],"seed_played":"-3242224833606101935","potions_obtained":[{"floor":1.0,"key":"Weak Potion"},{"floor":8.0,"key":"Weak Potion"},{"floor":11.0,"key":"Block Potion"},{"floor":14.0,"key":"LiquidMemories"},{"floor":16.0,"key":"Fire Potion"},{"floor":19.0,"key":"Block Potion"},{"floor":22.0,"key":"FocusPotion"},{"floor":25.0,"key":"Strength Potion"}],"is_trial":false,"path_per_floor":["M","?","?","M","M","E","M","E","T","R","M","M","$","M","R","B",null,"M","M","M","?","M","R","T","M","T","R","E","?","R","M","R","B",null,"M","?","?","$","M","R","E"],"character_chosen":"DEFECT","items_purchased":["Membership Card","Rainbow","Thread and Needle"],"campfire_rested":5,"item_purchase_floors":[13,13,38],"current_hp_per_floor":[75,75,75,75,75,47,41,16,16,38,42,32,32,34,34,29,75,71,35,18,16,14,36,36,15,15,37,12,37,37,28,50,6,75,25,25,25,25,17,17,0],"gold":200,"neow_bonus":"RANDOM_COMMON_RELIC","is_prod":false,"is_daily":false,"chose_seed":false,"campfire_upgraded":2,"win_rate":0,"timestamp":1633504525,"path_taken":["M","?","?","?","M","E","M","E","T","R","M","M","$","M","R","BOSS","M","M","?","?","M","R","?","M","T","R","E","?","R","M","R","BOSS","M","?","?","$","M","R","E"],"build_version":"2020-01-27","purchased_purges":2,"victory":false,"max_hp_per_floor":[75,75,75,75,75,75,75,75,75,75,75,75,75,75,75,75,75,75,75,75,75,75,75,75,75,75,75,75,75,75,75,75,75,75,75,75,66,66,66,66,66],"card_choices":[{"not_picked":["Force Field","Gash","Heatsinks"],"picked":"SKIP","floor":1.0},{"not_picked":["Ball Lightning","Rebound"],"picked":"Blizzard","floor":4.0},{"not_picked":["Gash","Rip and Tear","Consume"],"picked":"SKIP","floor":5.0},{"not_picked":["Go for the Eyes","Multi-Cast"],"picked":"White Noise","floor":6.0},{"not_picked":["Rip and Tear","Conserve Battery","Leap"],"picked":"SKIP","floor":7.0},{"not_picked":["Sunder","Barrage"],"picked":"Capacitor","floor":8.0},{"not_picked":["Ball Lightning","Stack"],"picked":"Loop","floor":11.0},{"not_picked":["Undo","Leap","Aggregate"],"picked":"SKIP","floor":12.0},{"not_picked":["Leap","Stack","Rebound"],"picked":"SKIP","floor":14.0},{"not_picked":["Meteor Strike","Reboot"],"picked":"Core Surge","floor":16.0},{"not_picked":["Steam","White Noise"],"picked":"Redo","floor":18.0},{"not_picked":["Go for the Eyes+1","Hologram","Leap"],"picked":"SKIP","floor":19.0},{"not_picked":["Doom and Gloom","Steam","Rebound"],"picked":"SKIP","floor":20.0},{"not_picked":["Sweeping Beam","Streamline+1","Redo"],"picked":"SKIP","floor":22.0},{"not_picked":["Turbo","Undo","Ball Lightning"],"picked":"SKIP","floor":25.0},{"not_picked":["FTL+1","Reboot"],"picked":"Double Energy","floor":28.0},{"not_picked":["Gash+1","Force Field+1"],"picked":"Storm","floor":31.0},{"not_picked":["Amplify","Creative AI"],"picked":"Seek","floor":33.0},{"not_picked":["Sunder+1","Scrape+1","Redo"],"picked":"SKIP","floor":35},{"not_picked":["Streamline+1","Beam Cell+1"],"picked":"Tempest+1","floor":39}],"player_experience":93079,"relics_obtained":[{"floor":6.0,"key":"Bird Faced Urn"},{"floor":8.0,"key":"Potion Belt"},{"floor":9.0,"key":"Cables"},{"floor":21.0,"key":"Red Mask"},{"floor":24.0,"key":"TungstenRod"},{"floor":26.0,"key":"Molten Egg 2"},{"floor":28.0,"key":"Pocketwatch"}],"event_choices":[{"damage_healed":0.0,"max_hp_gain":0.0,"max_hp_loss":0.0,"gold_gain":0.0,"cards_transformed":["Strike_B"],"event_name":"Living Wall","player_choice":"Change","floor":2.0,"gold_loss":0.0,"damage_taken":0.0,"cards_obtained":["Beam Cell"]},{"damage_healed":0.0,"max_hp_gain":0.0,"max_hp_loss":0.0,"gold_gain":0.0,"cards_transformed":["Strike_B"],"event_name":"Transmorgrifier","player_choice":"Transformed","floor":3.0,"gold_loss":0.0,"damage_taken":0.0,"cards_obtained":["Ball Lightning"]},{"damage_healed":0.0,"max_hp_gain":0.0,"max_hp_loss":0.0,"gold_gain":0.0,"event_name":"Masked Bandits","player_choice":"Fought Bandits","floor":21.0,"gold_loss":0.0,"damage_taken":0.0},{"damage_healed":25.0,"max_hp_gain":0.0,"max_hp_loss":0.0,"gold_gain":0.0,"event_name":"The Library","player_choice":"Heal","floor":29.0,"gold_loss":0.0,"damage_taken":0.0},{"damage_healed":0,"gold_gain":0,"player_choice":"Upgrade","damage_taken":0,"relics_obtained":["Mark of the Bloom"],"max_hp_gain":0,"max_hp_loss":0,"event_name":"MindBloom","floor":36,"gold_loss":0,"cards_upgraded":["Zap","Dualcast","Beam Cell","Ball Lightning","Blizzard","White Noise","Capacitor","Loop","Core Surge","Lockon","Echo Form","Beam Cell","Go for the Eyes","Redo","Double Energy","Storm","Seek"]},{"damage_healed":66,"gold_gain":0,"player_choice":"Heal","damage_taken":0,"max_hp_gain":0,"max_hp_loss":9,"event_name":"The Moai Head","floor":37,"gold_loss":0}],"is_beta":false,"boss_relics":[{"not_picked":["Nuclear Battery","Astrolabe"],"picked":"Pandora\u0027s Box"},{"not_picked":["Snecko Eye","Coffee Dripper"],"picked":"Velvet Choker"}],"items_purged_floors":[13,38],"is_endless":false,"potions_floor_spawned":[1,8,11,14,16,19,22,25],"killed_by":"Reptomancer","ascension_level":3}