{"gold_per_floor":[119,139,139,139,64,64,64,90,90,100,100,133,133,149,149,250,250,269,269,286,286,486,521,521,553,577,591,607,245,245,276,276,381,381,395,395,295,307,321,354,354,380,404,404,431,431,454,454,454,454,454,454,69,94,94],"floor_reached":56,"playtime":5777,"items_purged":["Regret","Doubt","Defend_B","Defend_B"],"score":1401,"play_id":"8f89378a-58dd-4acf-abed-c295d3b879ea","local_time":"20210930233235","is_ascension_mode":true,"campfire_choices":[{"data":"Double Energy","floor":6.0,"key":"SMITH"},{"floor":11.0,"key":"REST"},{"floor":13.0,"key":"REST"},{"floor":15.0,"key":"REST"},{"floor":24.0,"key":"REST"},{"floor":32.0,"key":"REST"},{"floor":41.0,"key":"RECALL"},{"data":"Loop","floor":44,"key":"SMITH"},{"data":"Blizzard","floor":46,"key":"SMITH"},{"data":"Barrage","floor":49,"key":"SMITH"},{"data":"Capacitor","floor":52,"key":"SMITH"}],"neow_cost":"NONE","seed_source_timestamp":0,"circlet_count":0,"master_deck":["Defend_B","Zap","Dualcast","Double Energy+1","White Noise","Finesse","Coolheaded","Loop+1","Stack+1","Darkness+1","Compile Driver","Fission+1","Capacitor+1","Glacier+1","Barrage+1","Fusion+1","Coolheaded+1","Turbo+1","Meteor Strike","Blizzard+1","Chaos+1","Bite","Bite","Bite","Bite","Bite","Reboot+1","Rainbow+1","Chill+1","Consume+1","Redo+1","Reboot+1","Apotheosis+1","Redo+1"],"special_seed":0,"relics":["FrozenCore","Centennial Puzzle","Prayer Wheel","Mercury Hourglass","Toxic Egg 2","White Beast Statue","Ice Cream","Tiny Chest","Membership Card","Bronze Scales","TungstenRod","Inserter","Pen Nib","Oddly Smooth Stone","Bag of Marbles","Anchor","Omamori","Calipers","Happy Flower"],"potions_floor_usage":[42,42,50,55],"damage_taken":[{"damage":7.0,"enemies":"Jaw Worm","floor":1.0,"turns":4.0},{"damage":2.0,"enemies":"Small Slimes","floor":2.0,"turns":3.0},{"damage":56.0,"enemies":"Gremlin Nob","floor":8.0,"turns":5.0},{"damage":0.0,"enemies":"Cultist","floor":10.0,"turns":3.0},{"damage":20.0,"enemies":"Lagavulin","floor":12.0,"turns":9.0},{"damage":0.0,"enemies":"Large Slime","floor":14.0,"turns":3.0},{"damage":3.0,"enemies":"Slime Boss","floor":16.0,"turns":9.0},{"damage":1.0,"enemies":"Chosen","floor":18.0,"turns":5.0},{"damage":16.0,"enemies":"2 Thieves","floor":20.0,"turns":4.0},{"damage":96.0,"enemies":"Gremlin Leader","floor":23.0,"turns":13.0},{"damage":6.0,"enemies":"Book of Stabbing","floor":25.0,"turns":7.0},{"damage":7.0,"enemies":"Snecko","floor":27.0,"turns":7.0},{"damage":0.0,"enemies":"Snake Plant","floor":28.0,"turns":5.0},{"damage":8.0,"enemies":"Slavers","floor":31.0,"turns":3.0},{"damage":24.0,"enemies":"Champ","floor":33.0,"turns":11.0},{"damage":19.0,"enemies":"Orb Walker","floor":35.0,"turns":3.0},{"damage":0.0,"enemies":"3 Shapes","floor":38.0,"turns":4.0},{"damage":11.0,"enemies":"Spire Growth","floor":39.0,"turns":7.0},{"damage":0.0,"enemies":"Nemesis","floor":40.0,"turns":7.0},{"damage":24,"enemies":"Reptomancer","floor":42,"turns":6},{"damage":9,"enemies":"Nemesis","floor":45,"turns":7},{"damage":0,"enemies":"Donu and Deca","floor":50,"turns":8},{"damage":6,"enemies":"Shield and Spear","floor":54,"turns":5},{"damage":46,"enemies":"The Heart","floor":55,"turns":8}],"seed_played":"-6200565750877987316","potions_obtained":[{"floor":1.0,"key":"FairyPotion"},{"floor":10.0,"key":"Swift Potion"},{"floor":12.0,"key":"FearPotion"},{"floor":14.0,"key":"SteroidPotion"},{"floor":16.0,"key":"DistilledChaos"},{"floor":18.0,"key":"FearPotion"},{"floor":20.0,"key":"DuplicationPotion"},{"floor":23.0,"key":"Swift Potion"},{"floor":25.0,"key":"SteroidPotion"},{"floor":27.0,"key":"LiquidMemories"},{"floor":28.0,"key":"FairyPotion"},{"floor":31.0,"key":"DistilledChaos"},{"floor":33.0,"key":"Ancient Potion"},{"floor":35.0,"key":"SteroidPotion"},{"floor":38.0,"key":"BlessingOfTheForge"},{"floor":42,"key":"ColorlessPotion"},{"floor":45,"key":"PowerPotion"}],"is_trial":false,"path_per_floor":["M","M","?","?","$","R","?","E","T","M","R","E","R","M","R","B",null,"M","?","M","?","?","E","R","E","T","M","M","$","?","E","R","B",null,"M","?","$","M","M","E","R","E","T","R","E","R","T","?","R","B",null,"R","$","E","B",null],"character_chosen":"DEFECT","items_purchased":["Membership Card","Blizzard","Block Potion","Chaos+1","Bronze Scales","Consume+1","Apotheosis+1","Calipers","Block Potion","SmokeBomb"],"campfire_rested":5,"item_purchase_floors":[29,29,29,29,29,37,53,53,53,53],"current_hp_per_floor":[68,66,66,66,66,66,66,10,10,10,32,12,34,34,56,53,75,74,74,58,58,58,1,23,17,17,10,10,10,10,10,25,27,52,39,39,39,45,44,52,52,43,43,43,48,48,48,48,48,52,52,52,52,52,24],"gold":94,"neow_bonus":"RANDOM_COMMON_RELIC","is_prod":false,"is_daily":false,"chose_seed":false,"campfire_upgraded":5,"win_rate":0,"timestamp":1633015955,"path_taken":["M","M","?","?","$","R","?","E","T","?","R","E","R","M","R","BOSS","M","?","M","?","?","E","R","E","T","?","M","$","?","E","R","BOSS","M","?","$","M","M","E","R","E","T","R","E","R","?","?","R","BOSS","R","$","E","BOSS"],"build_version":"2020-01-27","purchased_purges":4,"victory":true,"max_hp_per_floor":[75,75,75,75,75,75,75,75,75,75,75,75,75,75,75,75,75,75,75,75,75,75,75,75,75,75,75,75,75,52,52,52,52,52,52,52,52,52,52,52,52,52,52,52,52,52,52,52,52,52,52,52,52,52,52],"card_choices":[{"not_picked":["Auto Shields","Reprogram","Rebound"],"picked":"SKIP","floor":1.0},{"not_picked":["Melter","BootSequence"],"picked":"Double Energy","floor":2.0},{"not_picked":["Auto Shields","Reinforced Body"],"picked":"Loop","floor":8.0},{"not_picked":["White Noise+1","Rip and Tear"],"picked":"Stack+1","floor":10.0},{"not_picked":["Lockon","Gash","Streamline"],"picked":"SKIP","floor":10.0},{"not_picked":["Go for the Eyes","Streamline"],"picked":"Darkness+1","floor":12.0},{"not_picked":["Steam Power+1","Sweeping Beam"],"picked":"Compile Driver","floor":14.0},{"not_picked":["Streamline","Rebound","Beam Cell"],"picked":"SKIP","floor":14.0},{"not_picked":["All For One","Meteor Strike"],"picked":"Fission+1","floor":16.0},{"not_picked":["Sweeping Beam","Barrage","Streamline"],"picked":"SKIP","floor":18.0},{"not_picked":["Melter","Hologram+1","Steam+1"],"picked":"SKIP","floor":18.0},{"not_picked":["Beam Cell","Genetic Algorithm+1"],"picked":"Glacier+1","floor":20.0},{"not_picked":["Heatsinks+1","Doom and Gloom","Leap+1"],"picked":"SKIP","floor":20.0},{"not_picked":["Force Field+1","Undo+1"],"picked":"Barrage","floor":23.0},{"not_picked":["Loop","Force Field+1"],"picked":"Fusion+1","floor":25.0},{"not_picked":["Go for the Eyes","Hologram+1"],"picked":"Coolheaded+1","floor":27.0},{"not_picked":["Sweeping Beam","Darkness+1","Beam Cell"],"picked":"SKIP","floor":27.0},{"not_picked":["Sweeping Beam","Fusion+1"],"picked":"Turbo+1","floor":28.0},{"not_picked":["Steam+1","Leap+1"],"picked":"Meteor Strike","floor":28.0},{"not_picked":["Hologram+1","Compile Driver"],"picked":"Reboot+1","floor":31.0},{"not_picked":["Amplify+1","Thunder Strike"],"picked":"Rainbow+1","floor":33.0},{"not_picked":["Rip and Tear","Turbo+1"],"picked":"Chill+1","floor":35.0},{"not_picked":["Barrage","Rebound+1","Auto Shields+1"],"picked":"SKIP","floor":35.0},{"not_picked":["Glacier+1","Go for the Eyes+1","Fusion+1"],"picked":"SKIP","floor":38.0},{"not_picked":["Hello World+1","Darkness+1","Lockon+1"],"picked":"SKIP","floor":38.0},{"not_picked":["Lockon+1","Thunder Strike","White Noise+1"],"picked":"SKIP","floor":39.0},{"not_picked":["Beam Cell+1","Barrage+1","Capacitor"],"picked":"SKIP","floor":39.0},{"not_picked":["Storm+1","Go for the Eyes"],"picked":"Redo+1","floor":40.0},{"not_picked":["Sunder","Sweeping Beam+1","Conserve Battery+1"],"picked":"SKIP","floor":42},{"not_picked":["Coolheaded+1","Rebound+1"],"picked":"Reboot+1","floor":45},{"not_picked":["Turbo+1","Melter"],"picked":"Redo+1","floor":54}],"player_experience":31051,"relics_obtained":[{"floor":8.0,"key":"Mercury Hourglass"},{"floor":9.0,"key":"Toxic Egg 2"},{"floor":12.0,"key":"White Beast Statue"},{"floor":23.0,"key":"Ice Cream"},{"floor":25.0,"key":"Tiny Chest"},{"floor":31.0,"key":"TungstenRod"},{"floor":40.0,"key":"Pen Nib"},{"floor":42,"key":"Oddly Smooth Stone"},{"floor":43,"key":"Bag of Marbles"},{"floor":45,"key":"Anchor"},{"floor":47,"key":"Omamori"},{"floor":54,"key":"Happy Flower"}],"event_choices":[{"cards_removed":["Strike_B"],"damage_healed":0.0,"max_hp_gain":0.0,"max_hp_loss":0.0,"gold_gain":0.0,"event_name":"Living Wall","player_choice":"Forget","floor":3.0,"gold_loss":0.0,"damage_taken":0.0},{"damage_healed":0.0,"max_hp_gain":0.0,"max_hp_loss":0.0,"gold_gain":0.0,"event_name":"Big Fish","player_choice":"Box","floor":4.0,"gold_loss":0.0,"damage_taken":0.0,"relics_obtained":["Prayer Wheel"],"cards_obtained":["Regret"]},{"damage_healed":0.0,"max_hp_gain":0.0,"max_hp_loss":0.0,"gold_gain":0.0,"event_name":"Match and Keep!","player_choice":"4 cards matched","floor":7.0,"gold_loss":0.0,"damage_taken":0.0,"cards_obtained":["White Noise","Finesse","Coolheaded","Doubt"]},{"damage_healed":0.0,"max_hp_gain":0.0,"max_hp_loss":0.0,"gold_gain":0.0,"event_name":"The Library","player_choice":"Read","floor":19.0,"gold_loss":0.0,"damage_taken":0.0,"cards_obtained":["Capacitor"]},{"damage_healed":0.0,"max_hp_gain":0.0,"max_hp_loss":0.0,"gold_gain":0.0,"event_name":"Ghosts","player_choice":"Ignored","floor":21.0,"gold_loss":0.0,"damage_taken":0.0},{"damage_healed":0.0,"max_hp_gain":0.0,"max_hp_loss":0.0,"gold_gain":200.0,"event_name":"Wheel of Change","player_choice":"Gold","floor":22.0,"gold_loss":0.0,"damage_taken":0.0},{"damage_healed":0.0,"max_hp_gain":0.0,"max_hp_loss":23.0,"gold_gain":0.0,"event_name":"Vampires","player_choice":"Became a vampire","floor":30.0,"gold_loss":0.0,"damage_taken":0.0,"cards_obtained":["Bite","Bite","Bite","Bite","Bite"]},{"cards_removed":["Defend_B"],"damage_healed":0.0,"max_hp_gain":0.0,"max_hp_loss":0.0,"gold_gain":0.0,"event_name":"Bonfire Elementals","player_choice":"Offered Basic","floor":36.0,"gold_loss":0.0,"damage_taken":0.0},{"damage_healed":0,"gold_gain":0,"player_choice":"Ignored","damage_taken":0,"max_hp_gain":0,"max_hp_loss":0,"event_name":"SecretPortal","floor":48,"gold_loss":0}],"is_beta":false,"boss_relics":[{"not_picked":["Cursed Key","Empty Cage"],"picked":"FrozenCore"},{"not_picked":["SlaversCollar","Sozu"],"picked":"Inserter"}],"items_purged_floors":[5,29,37,53],"is_endless":false,"potions_floor_spawned":[1,10,12,14,16,18,20,23,25,27,28,31,33,35,38,39,40,42,45,54],"ascension_level":1}