{"gold_per_floor":[111,128,128,17,17,46,61,93,93,106,6,6,6,16,16,118,118,132,163,78,78,62,62,72,83,106,106,25,36,54,54,54,153,153,166,220,220,234,254,254,254,26,52,78,95,108,108,127,127,127],"floor_reached":51,"playtime":3731,"items_purged":["Strike_B","Strike_B"],"score":735,"play_id":"16a2d81e-712a-4c3f-8b2f-ca3e38e4c57c","local_time":"20211006164040","is_ascension_mode":true,"campfire_choices":[{"data":"Recycle","floor":12.0,"key":"SMITH"},{"floor":15.0,"key":"REST"},{"floor":23.0,"key":"REST"},{"data":"Capacitor","floor":27.0,"key":"SMITH"},{"data":"Storm","floor":32.0,"key":"SMITH"},{"data":"Defragment","floor":40.0,"key":"SMITH"},{"data":"Fission","floor":47,"key":"SMITH"},{"data":"Discovery","floor":49,"key":"SMITH"}],"neow_cost":"NONE","seed_source_timestamp":87953649234063,"circlet_count":0,"master_deck":["Defend_B","Defend_B","Zap","Dualcast","Flash of Steel+1","Coolheaded","Coolheaded","Capacitor+1","Blizzard","Sweeping Beam","White Noise","Recycle+1","Core Surge","Consume+1","Storm+1","Capacitor","Conserve Battery+1","Loop","Electrodynamics","Defragment+1","Ball Lightning+1","Barrage+1","Madness","Discovery+1","Fission+1","Capacitor","Redo+1"],"special_seed":0,"relics":["FrozenCore","Matryoshka","Bird Faced Urn","Pantograph","Torii","Empty Cage","Red Mask","Eternal Feather","Centennial Puzzle","Bronze Scales","Pocketwatch","Orichalcum","Art of War"],"potions_floor_usage":[50],"damage_taken":[{"damage":1.0,"enemies":"Cultist","floor":1.0,"turns":3.0},{"damage":0.0,"enemies":"Small Slimes","floor":2.0,"turns":2.0},{"damage":13.0,"enemies":"Lagavulin","floor":6.0,"turns":6.0},{"damage":5.0,"enemies":"Jaw Worm","floor":7.0,"turns":3.0},{"damage":3.0,"enemies":"3 Sentries","floor":8.0,"turns":3.0},{"damage":13.0,"enemies":"Large Slime","floor":10.0,"turns":5.0},{"damage":16.0,"enemies":"Exordium Wildlife","floor":14.0,"turns":5.0},{"damage":29.0,"enemies":"The Guardian","floor":16.0,"turns":8.0},{"damage":9.0,"enemies":"Shell Parasite","floor":18.0,"turns":6.0},{"damage":41.0,"enemies":"Masked Bandits","floor":19.0,"turns":5.0},{"damage":25.0,"enemies":"2 Thieves","floor":22.0,"turns":4.0},{"damage":8.0,"enemies":"Cultist and Chosen","floor":24.0,"turns":5.0},{"damage":27.0,"enemies":"Centurion and Healer","floor":25.0,"turns":5.0},{"damage":26.0,"enemies":"Snecko","floor":29.0,"turns":4.0},{"damage":8.0,"enemies":"Shelled Parasite and Fungi","floor":30.0,"turns":6.0},{"damage":11.0,"enemies":"Champ","floor":33.0,"turns":9.0},{"damage":22.0,"enemies":"3 Shapes","floor":35.0,"turns":3.0},{"damage":68.0,"enemies":"2 Orb Walkers","floor":36.0,"turns":4.0},{"damage":11.0,"enemies":"Orb Walker","floor":38.0,"turns":3.0},{"damage":37.0,"enemies":"Transient","floor":39.0,"turns":5.0},{"damage":9,"enemies":"Nemesis","floor":44,"turns":5},{"damage":31,"enemies":"3 Darklings","floor":45,"turns":3},{"damage":21,"enemies":"Jaw Worm Horde","floor":46,"turns":3},{"damage":15,"enemies":"Transient","floor":48,"turns":5},{"damage":17,"enemies":"Donu and Deca","floor":50,"turns":4}],"seed_played":"5232745707100861631","potions_obtained":[{"floor":1.0,"key":"DistilledChaos"},{"floor":6.0,"key":"SneckoOil"},{"floor":7.0,"key":"AttackPotion"},{"floor":16.0,"key":"SpeedPotion"},{"floor":18.0,"key":"Weak Potion"},{"floor":29.0,"key":"ColorlessPotion"},{"floor":30.0,"key":"Regen Potion"},{"floor":35.0,"key":"Block Potion"},{"floor":44,"key":"Fire Potion"},{"floor":45,"key":"SteroidPotion"},{"floor":48,"key":"Energy Potion"}],"is_trial":false,"path_per_floor":["M","M","?","$","?","E","M","E","T","M","$","R","?","M","R","B",null,"M","?","?","?","M","R","M","M","T","R","$","M","M","?","R","B",null,"M","?","?","M","M","R","?","$","T","E","M","M","R","M","R","B",null],"character_chosen":"DEFECT","items_purchased":["Capacitor","Loop","Discovery","Fission"],"campfire_rested":2,"item_purchase_floors":[4,28,42,42],"current_hp_per_floor":[74,74,74,74,74,61,56,53,53,44,44,44,44,32,54,46,75,68,31,31,31,10,41,39,20,20,29,29,13,15,15,24,48,75,56,12,66,61,38,50,50,50,50,57,38,35,50,49,64,65],"gold":127,"neow_bonus":"RANDOM_COLORLESS","is_prod":false,"is_daily":false,"chose_seed":false,"campfire_upgraded":6,"win_rate":0,"timestamp":1633509640,"path_taken":["M","M","?","?","?","E","M","E","T","?","$","R","?","M","R","BOSS","M","?","?","?","?","R","M","M","T","R","$","M","M","?","R","BOSS","M","?","?","?","M","R","?","$","T","E","M","M","R","M","R","BOSS"],"build_version":"2020-01-27","purchased_purges":2,"victory":true,"max_hp_per_floor":[75,75,75,75,75,75,75,75,75,75,75,75,75,75,75,75,75,75,75,75,75,75,75,75,75,75,75,75,75,75,75,75,75,75,75,75,66,66,66,66,66,66,66,66,66,66,66,66,66,66],"card_choices":[{"not_picked":["Finesse","Panacea"],"picked":"Flash of Steel","floor":0.0},{"not_picked":["Streamline","Rebound"],"picked":"Coolheaded","floor":1.0},{"not_picked":["Gash","Rebound"],"picked":"Coolheaded","floor":2.0},{"not_picked":["Redo","BootSequence"],"picked":"Blizzard","floor":6.0},{"not_picked":["Leap","Scrape"],"picked":"Sweeping Beam","floor":7.0},{"not_picked":["Rebound","Aggregate"],"picked":"White Noise","floor":8.0},{"not_picked":["Capacitor","Steam Power"],"picked":"Recycle","floor":10.0},{"not_picked":["Stack","Sweeping Beam","Skim"],"picked":"SKIP","floor":14.0},{"not_picked":["Amplify","Hyperbeam"],"picked":"Core Surge","floor":16.0},{"not_picked":["Conserve Battery","Fusion"],"picked":"Consume+1","floor":18.0},{"not_picked":["Tempest","Heatsinks"],"picked":"Storm","floor":22.0},{"not_picked":["Gash","Tempest+1"],"picked":"Capacitor","floor":24.0},{"not_picked":["Gash","Rip and Tear"],"picked":"Conserve Battery+1","floor":25.0},{"not_picked":["Leap","Lockon","Conserve Battery"],"picked":"SKIP","floor":29.0},{"not_picked":["Leap","Skim","Blizzard"],"picked":"SKIP","floor":30.0},{"not_picked":["Core Surge","Fission"],"picked":"Electrodynamics","floor":33.0},{"not_picked":["Steam Power","Go for the Eyes","Reinforced Body+1"],"picked":"SKIP","floor":35.0},{"not_picked":["Chaos","Cold Snap"],"picked":"Defragment","floor":36.0},{"not_picked":["Steam Power+1","Steam+1"],"picked":"Ball Lightning+1","floor":38.0},{"not_picked":["Coolheaded","Conserve Battery+1"],"picked":"Barrage+1","floor":39.0},{"not_picked":["Good Instincts","Enlightenment"],"picked":"Madness","floor":41},{"not_picked":["Meteor Strike","Darkness+1"],"picked":"Capacitor","floor":44},{"not_picked":["Ball Lightning+1","Sweeping Beam","Stack"],"picked":"SKIP","floor":45},{"not_picked":["Ball Lightning","White Noise+1"],"picked":"Redo+1","floor":46},{"not_picked":["Storm","Rebound+1","Cold Snap"],"picked":"SKIP","floor":48}],"player_experience":96823,"relics_obtained":[{"floor":6.0,"key":"Matryoshka"},{"floor":8.0,"key":"Bird Faced Urn"},{"floor":9.0,"key":"Pantograph"},{"floor":9.0,"key":"Torii"},{"floor":19.0,"key":"Red Mask"},{"floor":26.0,"key":"Centennial Puzzle"},{"floor":26.0,"key":"Bronze Scales"},{"floor":36.0,"key":"Pocketwatch"},{"floor":43,"key":"Orichalcum"},{"floor":44,"key":"Art of War"}],"event_choices":[{"cards_removed":["Defend_B"],"damage_healed":0.0,"max_hp_gain":0.0,"max_hp_loss":0.0,"gold_gain":0.0,"event_name":"Purifier","player_choice":"Purged","floor":3.0,"gold_loss":0.0,"damage_taken":0.0},{"damage_healed":0.0,"max_hp_gain":0.0,"max_hp_loss":0.0,"gold_gain":0.0,"event_name":"Upgrade Shrine","player_choice":"Upgraded","floor":5.0,"gold_loss":0.0,"damage_taken":0.0,"cards_upgraded":["Flash of Steel"]},{"cards_removed":["Strike_B"],"damage_healed":0.0,"max_hp_gain":0.0,"max_hp_loss":0.0,"gold_gain":0.0,"event_name":"Living Wall","player_choice":"Forget","floor":13.0,"gold_loss":0.0,"damage_taken":0.0},{"damage_healed":0.0,"max_hp_gain":0.0,"max_hp_loss":0.0,"gold_gain":0.0,"event_name":"Masked Bandits","player_choice":"Fought Bandits","floor":19.0,"gold_loss":0.0,"damage_taken":0.0},{"damage_healed":0.0,"max_hp_gain":0.0,"max_hp_loss":0.0,"gold_gain":0.0,"event_name":"Addict","player_choice":"Obtained Relic","floor":20.0,"gold_loss":85.0,"damage_taken":0.0,"relics_obtained":["Eternal Feather"]},{"damage_healed":0.0,"max_hp_gain":0.0,"max_hp_loss":0.0,"gold_gain":0.0,"event_name":"Lab","player_choice":"Got Potions","floor":21.0,"gold_loss":0.0,"damage_taken":0.0},{"damage_healed":0.0,"max_hp_gain":0.0,"max_hp_loss":0.0,"gold_gain":0.0,"event_name":"Ghosts","player_choice":"Ignored","floor":31.0,"gold_loss":0.0,"damage_taken":0.0},{"damage_healed":0.0,"max_hp_gain":0.0,"max_hp_loss":0.0,"gold_gain":0.0,"event_name":"Mysterious Sphere","player_choice":"Fight","floor":36.0,"gold_loss":0.0,"damage_taken":0.0},{"damage_healed":66.0,"max_hp_gain":0.0,"max_hp_loss":9.0,"gold_gain":0.0,"event_name":"The Moai Head","player_choice":"Heal","floor":37.0,"gold_loss":0.0,"damage_taken":0.0},{"damage_healed":0,"gold_gain":0,"player_choice":"Memory 1","damage_taken":0,"max_hp_gain":0,"max_hp_loss":0,"event_name":"SensoryStone","floor":41,"gold_loss":0}],"is_beta":false,"boss_relics":[{"not_picked":["Fusion Hammer","Tiny House"],"picked":"Empty Cage"},{"not_picked":["Astrolabe","Runic Pyramid"],"picked":"FrozenCore"}],"items_purged_floors":[4,11],"is_endless":false,"potions_floor_spawned":[1,6,7,16,18,29,30,35,44,45,48],"ascension_level":3}