{"gold_per_floor":[117,117,117,57,67,92,106,135,182,199,213,213,227,402,402,506,506,477,477],"floor_reached":19,"playtime":917,"items_purged":["Regret"],"score":235,"play_id":"6d9cc90f-9472-4eb9-a29d-02a917a5df78","local_time":"20211006153734","is_ascension_mode":true,"campfire_choices":[{"floor":12,"key":"REST"},{"floor":15,"key":"REST"}],"neow_cost":"NONE","seed_source_timestamp":87023758576401,"circlet_count":0,"master_deck":["Strike_B","Strike_B","Strike_B","Strike_B","Defend_B","Defend_B","Defend_B","Defend_B","Zap","Dualcast","Capacitor","Cold Snap","Barrage","Blizzard","Doubt","Thunder Strike","CurseOfTheBell"],"relics":["Cracked Core","NeowsBlessing","The Courier","Bag of Preparation","Sundial","Cables","Blood Vial","Calling Bell","Ancient Tea Set","Pantograph","Peace Pipe"],"potions_floor_usage":[16,16],"damage_taken":[{"damage":0,"enemies":"Jaw Worm","floor":1,"turns":1},{"damage":0,"enemies":"Small Slimes","floor":5,"turns":1},{"damage":0,"enemies":"3 Sentries","floor":6,"turns":1},{"damage":1,"enemies":"Cultist","floor":7,"turns":3},{"damage":52,"enemies":"Lagavulin","floor":8,"turns":7},{"damage":14,"enemies":"Gremlin Gang","floor":10,"turns":5},{"damage":6,"enemies":"2 Fungi Beasts","floor":11,"turns":3},{"damage":11,"enemies":"Blue Slaver","floor":13,"turns":3},{"damage":41,"enemies":"Hexaghost","floor":16,"turns":10},{"damage":53,"enemies":"2 Thieves","floor":18,"turns":5},{"damage":36,"enemies":"3 Byrds","floor":19,"turns":2}],"seed_played":"-3519282863383818401","potions_obtained":[{"floor":1,"key":"FocusPotion"},{"floor":10,"key":"EssenceOfSteel"},{"floor":11,"key":"Ancient Potion"},{"floor":13,"key":"AttackPotion"},{"floor":18,"key":"BlessingOfTheForge"}],"is_trial":false,"path_per_floor":["M","?","?","$","M","E","M","E","T","M","M","R","M","?","R","B",null,"M","M"],"character_chosen":"DEFECT","items_purchased":[],"campfire_rested":2,"item_purchase_floors":[],"current_hp_per_floor":[75,75,75,75,75,75,74,22,22,10,6,28,19,19,41,2,75,22,0],"gold":477,"neow_bonus":"THREE_ENEMY_KILL","is_prod":false,"is_daily":false,"chose_seed":false,"campfire_upgraded":0,"win_rate":0,"timestamp":1633505854,"path_taken":["M","?","?","$","M","E","M","E","T","?","M","R","?","?","R","BOSS","M","M"],"build_version":"2020-01-27","purchased_purges":1,"victory":false,"max_hp_per_floor":[75,75,75,75,75,75,75,75,75,75,75,75,75,75,75,75,75,75,75],"card_choices":[{"not_picked":["Turbo","Stack","Streamline"],"picked":"SKIP","floor":1},{"not_picked":["Conserve Battery","Undo"],"picked":"Capacitor","floor":5},{"not_picked":["Hologram","Steam","Heatsinks"],"picked":"SKIP","floor":6},{"not_picked":["Scrape","Skim","Leap"],"picked":"SKIP","floor":7},{"not_picked":["Sunder","Undo"],"picked":"Cold Snap","floor":8},{"not_picked":["Streamline","Ball Lightning"],"picked":"Barrage","floor":10},{"not_picked":["Streamline","Beam Cell"],"picked":"Blizzard","floor":11},{"not_picked":["Compile Driver","Gash","Chill"],"picked":"SKIP","floor":13},{"not_picked":["Biased Cognition","Reboot"],"picked":"Thunder Strike","floor":16},{"not_picked":["Reinforced Body","Streamline+1","Hologram"],"picked":"SKIP","floor":18}],"player_experience":95906,"relics_obtained":[{"floor":6,"key":"Sundial"},{"floor":8,"key":"Cables"},{"floor":9,"key":"Blood Vial"},{"floor":17,"key":"Ancient Tea Set"},{"floor":17,"key":"Pantograph"},{"floor":17,"key":"Peace Pipe"}],"event_choices":[{"damage_healed":0,"gold_gain":0,"player_choice":"Box","damage_taken":0,"relics_obtained":["The Courier"],"max_hp_gain":0,"max_hp_loss":0,"event_name":"Big Fish","floor":2,"gold_loss":0,"cards_obtained":["Regret"]},{"damage_healed":0,"gold_gain":0,"player_choice":"Gave Potion","damage_taken":0,"relics_obtained":["Bag of Preparation"],"max_hp_gain":0,"max_hp_loss":0,"event_name":"WeMeetAgain","floor":3,"gold_loss":0},{"damage_healed":0,"gold_gain":175,"player_choice":"AGREE","damage_taken":0,"max_hp_gain":0,"max_hp_loss":0,"event_name":"Liars Game","floor":14,"gold_loss":0,"cards_obtained":["Doubt"]}],"is_beta":false,"boss_relics":[{"not_picked":["SacredBark","Velvet Choker"],"picked":"Calling Bell"}],"items_purged_floors":[4],"is_endless":false,"potions_floor_spawned":[1,10,11,13,18],"killed_by":"3 Byrds","ascension_level":3}