{"gold_per_floor":[119,138,154,171,183,183,213,213,213,228,247,264,264,20,20,121,121,140,65,65,79,79,107,107,27,27,27,37,37,37,50,50,148,148,159,177,177,193,71,71,71],"floor_reached":41,"playtime":3502,"items_purged":["Strike_B","Defend_B"],"score":477,"play_id":"83c448cb-7e73-4f03-acd6-6b547be2ed71","local_time":"20211005214725","is_ascension_mode":true,"campfire_choices":[{"floor":6.0,"key":"REST"},{"floor":13.0,"key":"REST"},{"data":"Machine Learning","floor":15.0,"key":"SMITH"},{"floor":24.0,"key":"REST"},{"floor":30.0,"key":"REST"},{"floor":32.0,"key":"REST"},{"floor":40.0,"key":"REST"}],"neow_cost":"NONE","seed_source_timestamp":55994704031455,"circlet_count":0,"master_deck":["Strike_B","Strike_B","Defend_B","Defend_B","Zap","Dualcast","Coolheaded","Cold Snap","Barrage","Machine Learning+1","Hyperbeam","Redo+1","Capacitor","Fission+1","Doom and Gloom","Echo Form","Creative AI","Buffer","Recycle+1","Force Field+1","Stack+1"],"special_seed":0,"relics":["FrozenCore","Potion Belt","The Courier","Toxic Egg 2","Runic Capacitor","Shuriken","Ornamental Fan","SlaversCollar","Bottled Tornado","Regal Pillow"],"potions_floor_usage":[41],"damage_taken":[{"damage":0.0,"enemies":"Cultist","floor":1.0,"turns":2.0},{"damage":0.0,"enemies":"Small Slimes","floor":2.0,"turns":3.0},{"damage":7.0,"enemies":"2 Louse","floor":3.0,"turns":3.0},{"damage":5.0,"enemies":"2 Fungi Beasts","floor":4.0,"turns":4.0},{"damage":15.0,"enemies":"Exordium Thugs","floor":5.0,"turns":5.0},{"damage":14.0,"enemies":"3 Sentries","floor":7.0,"turns":9.0},{"damage":0.0,"enemies":"Large Slime","floor":10.0,"turns":4.0},{"damage":3.0,"enemies":"Gremlin Gang","floor":11.0,"turns":3.0},{"damage":20.0,"enemies":"Exordium Thugs","floor":12.0,"turns":3.0},{"damage":21.0,"enemies":"The Guardian","floor":16.0,"turns":11.0},{"damage":4.0,"enemies":"Shell Parasite","floor":18.0,"turns":8.0},{"damage":4.0,"enemies":"Spheric Guardian","floor":21.0,"turns":5.0},{"damage":60.0,"enemies":"Gremlin Leader","floor":23.0,"turns":10.0},{"damage":19.0,"enemies":"Snake Plant","floor":28.0,"turns":6.0},{"damage":26.0,"enemies":"Cultist and Chosen","floor":31.0,"turns":7.0},{"damage":3.0,"enemies":"Champ","floor":33.0,"turns":8.0},{"damage":46.0,"enemies":"3 Darklings","floor":35.0,"turns":6.0},{"damage":13.0,"enemies":"Orb Walker","floor":36.0,"turns":6.0},{"damage":11.0,"enemies":"Spire Growth","floor":38.0,"turns":8.0},{"damage":67,"enemies":"Transient","floor":41,"turns":4}],"seed_played":"-1329046538266089519","potions_obtained":[{"floor":1.0,"key":"SneckoOil"},{"floor":7.0,"key":"SneckoOil"},{"floor":10.0,"key":"Block Potion"},{"floor":11.0,"key":"PotionOfCapacity"},{"floor":23.0,"key":"Fire Potion"},{"floor":29.0,"key":"DuplicationPotion"},{"floor":29.0,"key":"EssenceOfDarkness"},{"floor":29.0,"key":"LiquidMemories"},{"floor":33.0,"key":"Strength Potion"},{"floor":35.0,"key":"DistilledChaos"}],"is_trial":false,"path_per_floor":["M","M","M","M","M","R","E","?","T","M","M","M","R","$","R","B",null,"M","?","?","M","?","E","R","$","T","$","M","?","R","M","R","B",null,"M","M","T","M","$","R","M"],"character_chosen":"DEFECT","items_purchased":["Runic Capacitor","Capacitor","Regal Pillow"],"campfire_rested":6,"item_purchase_floors":[14,14,39],"current_hp_per_floor":[75,75,68,63,48,70,56,56,56,56,53,33,55,55,55,34,75,71,71,71,67,67,7,29,29,29,29,10,10,32,6,28,25,75,29,16,16,5,5,42,0],"gold":71,"neow_bonus":"RANDOM_COMMON_RELIC","is_prod":false,"is_daily":false,"chose_seed":false,"campfire_upgraded":1,"win_rate":0,"timestamp":1633441645,"path_taken":["M","?","M","M","M","R","E","?","T","M","M","M","R","$","R","BOSS","M","?","?","M","?","E","R","$","T","$","?","?","R","M","R","BOSS","M","?","?","M","$","R","M"],"build_version":"2020-01-27","purchased_purges":2,"victory":false,"max_hp_per_floor":[75,75,75,75,75,75,75,75,75,75,75,75,75,75,75,75,75,75,75,75,75,75,75,75,75,75,75,75,75,75,75,75,75,75,75,75,75,75,75,75,75],"card_choices":[{"not_picked":["Skim","Beam Cell","Stack"],"picked":"SKIP","floor":1.0},{"not_picked":["Streamline","Leap"],"picked":"Coolheaded","floor":2.0},{"not_picked":["Force Field","All For One"],"picked":"Cold Snap","floor":3.0},{"not_picked":["Rebound","Turbo"],"picked":"Barrage","floor":4.0},{"not_picked":["Coolheaded","Chill","Sweeping Beam"],"picked":"SKIP","floor":5.0},{"not_picked":["Rip and Tear","Hello World"],"picked":"Machine Learning","floor":7.0},{"not_picked":["Aggregate+1","Sweeping Beam"],"picked":"Redo+1","floor":10.0},{"not_picked":["Gash","Steam+1","Compile Driver"],"picked":"SKIP","floor":11.0},{"not_picked":["Cold Snap","Redo+1","Beam Cell"],"picked":"SKIP","floor":12.0},{"not_picked":["Creative AI","Core Surge"],"picked":"Fission+1","floor":16.0},{"not_picked":["Redo+1","Undo+1","Coolheaded+1"],"picked":"SKIP","floor":18.0},{"not_picked":["Reinforced Body+1","Cold Snap"],"picked":"Doom and Gloom","floor":21.0},{"not_picked":["Streamline","Stack+1","Leap+1"],"picked":"SKIP","floor":23.0},{"not_picked":["Gash","Tempest+1"],"picked":"Creative AI","floor":28.0},{"not_picked":["Redo+1","Ball Lightning","Doom and Gloom"],"picked":"SKIP","floor":31.0},{"not_picked":["Creative AI","Amplify+1"],"picked":"Buffer","floor":33.0},{"not_picked":["Ball Lightning+1","Redo+1"],"picked":"Recycle+1","floor":35.0},{"not_picked":["Sweeping Beam+1","Undo+1"],"picked":"Force Field+1","floor":36.0},{"not_picked":["Redo+1","Undo+1"],"picked":"Stack+1","floor":38.0}],"player_experience":80554,"relics_obtained":[{"floor":7.0,"key":"The Courier"},{"floor":9.0,"key":"Toxic Egg 2"},{"floor":23.0,"key":"Shuriken"},{"floor":26.0,"key":"Ornamental Fan"},{"floor":37.0,"key":"Bottled Tornado"}],"event_choices":[{"damage_healed":0.0,"max_hp_gain":0.0,"max_hp_loss":0.0,"gold_gain":0.0,"cards_transformed":["Strike_B"],"event_name":"Transmorgrifier","player_choice":"Transformed","floor":8.0,"gold_loss":0.0,"damage_taken":0.0,"cards_obtained":["Hyperbeam"]},{"cards_removed":["Defend_B"],"damage_healed":0.0,"max_hp_gain":0.0,"max_hp_loss":0.0,"gold_gain":0.0,"event_name":"Beggar","player_choice":"Gave Gold","floor":19.0,"gold_loss":75.0,"damage_taken":0.0},{"damage_healed":0.0,"max_hp_gain":0.0,"max_hp_loss":0.0,"gold_gain":0.0,"event_name":"Ghosts","player_choice":"Ignored","floor":20.0,"gold_loss":0.0,"damage_taken":0.0},{"damage_healed":0.0,"max_hp_gain":0.0,"max_hp_loss":0.0,"gold_gain":0.0,"event_name":"Match and Keep!","player_choice":"1 cards matched","floor":22.0,"gold_loss":0.0,"damage_taken":0.0,"cards_obtained":["Echo Form"]},{"damage_healed":0.0,"max_hp_gain":0.0,"max_hp_loss":0.0,"gold_gain":0.0,"event_name":"Lab","player_choice":"Got Potions","floor":29.0,"gold_loss":0.0,"damage_taken":0.0}],"is_beta":false,"boss_relics":[{"not_picked":["Runic Dome","Snecko Eye"],"picked":"FrozenCore"},{"not_picked":["Nuclear Battery","Empty Cage"],"picked":"SlaversCollar"}],"items_purged_floors":[14,25],"is_endless":false,"potions_floor_spawned":[1,7,10,11,23,33,35],"killed_by":"Transient","ascension_level":3}