{"gold_per_floor":[17,17,17,38,38,71,95,111,111,111,111,127,142,156,156,287,287,300,313,326,372,388,388,388,388,414,464,491,273,304,328,328,453,453,471,293,312,312,335,379,404,404,404,417,417,430,470,485,485,485],"floor_reached":51,"playtime":3987,"items_purged":["Streamline","Beam Cell"],"score":961,"play_id":"460e410a-e562-4c63-99fd-188d119dbf56","local_time":"20211017150225","is_ascension_mode":true,"campfire_choices":[{"data":"Fission","floor":10.0,"key":"SMITH"},{"floor":15.0,"key":"REST"},{"data":"Electrodynamics","floor":23.0,"key":"SMITH"},{"data":"Defragment","floor":25.0,"key":"SMITH"},{"floor":32.0,"key":"REST"},{"data":"Creative AI","floor":45.0,"key":"SMITH"},{"floor":49,"key":"REST"}],"neow_cost":"NO_GOLD","seed_source_timestamp":719808397361808,"circlet_count":0,"master_deck":["Zap","Dualcast","Electrodynamics+1","Barrage","Tempest","Fission+1","Go for the Eyes","Cold Snap","Redo","Glacier","Coolheaded","Turbo","Core Surge","Heatsinks","Loop","Conserve Battery","Hologram","Loop","Aggregate","Coolheaded","Defragment+1","Blizzard","Amplify","Ball Lightning","Thunder Strike","Undo+1","Core Surge","Storm","Rainbow","Fusion+1","Static Discharge","Purity","Double Energy+1","Fusion+1","Coolheaded+1","Skim+1","Creative AI+1","Consume+1","FTL+1","Chill","Stack"],"special_seed":0,"relics":["Cracked Core","StoneCalendar","Golden Idol","Prayer Wheel","Meat on the Bone","WarpedTongs","Pandora\u0027s Box","Ancient Tea Set","MawBank","Bottled Tornado","Orichalcum","Anchor","SlaversCollar","Pen Nib","Dead Branch","Mummified Hand"],"potions_floor_usage":[50,50,50],"damage_taken":[{"damage":5.0,"enemies":"Small Slimes","floor":1.0,"turns":4.0},{"damage":0.0,"enemies":"Cultist","floor":4.0,"turns":4.0},{"damage":20.0,"enemies":"3 Sentries","floor":6.0,"turns":7.0},{"damage":4.0,"enemies":"Jaw Worm","floor":7.0,"turns":3.0},{"damage":1.0,"enemies":"2 Fungi Beasts","floor":8.0,"turns":2.0},{"damage":4.0,"enemies":"3 Louse","floor":12.0,"turns":3.0},{"damage":14.0,"enemies":"Red Slaver","floor":13.0,"turns":3.0},{"damage":14.0,"enemies":"Lots of Slimes","floor":14.0,"turns":3.0},{"damage":27.0,"enemies":"The Guardian","floor":16.0,"turns":9.0},{"damage":11.0,"enemies":"Shell Parasite","floor":18.0,"turns":5.0},{"damage":23.0,"enemies":"2 Thieves","floor":19.0,"turns":3.0},{"damage":11.0,"enemies":"Centurion and Healer","floor":20.0,"turns":3.0},{"damage":14.0,"enemies":"Sentry and Sphere","floor":22.0,"turns":4.0},{"damage":18.0,"enemies":"Slavers","floor":27.0,"turns":4.0},{"damage":22.0,"enemies":"Snake Plant","floor":28.0,"turns":2.0},{"damage":10.0,"enemies":"Book of Stabbing","floor":30.0,"turns":4.0},{"damage":0.0,"enemies":"Snecko","floor":31.0,"turns":4.0},{"damage":25.0,"enemies":"Champ","floor":33.0,"turns":7.0},{"damage":2.0,"enemies":"3 Shapes","floor":35.0,"turns":1.0},{"damage":6.0,"enemies":"3 Darklings","floor":37.0,"turns":3.0},{"damage":8.0,"enemies":"Sphere and 2 Shapes","floor":39.0,"turns":4.0},{"damage":0.0,"enemies":"Giant Head","floor":40.0,"turns":5.0},{"damage":0.0,"enemies":"Spire Growth","floor":41.0,"turns":5.0},{"damage":1.0,"enemies":"4 Shapes","floor":44.0,"turns":2.0},{"damage":1.0,"enemies":"3 Darklings","floor":46.0,"turns":3.0},{"damage":22,"enemies":"Reptomancer","floor":47,"turns":4},{"damage":1,"enemies":"Sphere and 2 Shapes","floor":48,"turns":2},{"damage":0,"enemies":"Donu and Deca","floor":50,"turns":4}],"seed_played":"-7388780051698990135","potions_obtained":[{"floor":8.0,"key":"CultistPotion"},{"floor":12.0,"key":"FearPotion"},{"floor":14.0,"key":"PowerPotion"},{"floor":16.0,"key":"Energy Potion"},{"floor":19.0,"key":"Dexterity Potion"},{"floor":20.0,"key":"EntropicBrew"},{"floor":28.0,"key":"BlessingOfTheForge"},{"floor":31.0,"key":"Dexterity Potion"},{"floor":37.0,"key":"DistilledChaos"},{"floor":41.0,"key":"SteroidPotion"},{"floor":46.0,"key":"LiquidBronze"},{"floor":47,"key":"BlessingOfTheForge"}],"is_trial":false,"path_per_floor":["M","?","?","M","?","E","M","M","T","R","?","M","M","M","R","B",null,"M","M","M","T","M","R","?","R","T","E","M","$","E","M","R","B",null,"M","$","M","?","M","E","M","?","T","M","R","M","E","M","R","B",null],"character_chosen":"DEFECT","items_purchased":["Orichalcum","Static Discharge"],"campfire_rested":3,"item_purchase_floors":[29,36],"current_hp_per_floor":[70,52,52,52,52,32,28,27,27,27,27,35,33,31,53,38,75,64,41,42,42,40,40,40,40,40,34,24,24,26,38,60,47,75,73,73,67,62,54,54,54,75,75,74,74,73,51,50,72,72],"gold":485,"neow_bonus":"ONE_RARE_RELIC","is_prod":false,"is_daily":false,"chose_seed":false,"campfire_upgraded":4,"win_rate":0,"timestamp":1634454145,"path_taken":["M","?","?","M","?","E","?","M","T","R","?","M","M","M","R","BOSS","M","M","?","?","M","R","?","R","T","E","M","$","E","M","R","BOSS","M","$","M","?","M","E","M","?","T","M","R","?","E","M","R","BOSS"],"build_version":"2020-12-13","purchased_purges":2,"victory":true,"max_hp_per_floor":[75,75,75,75,75,75,75,75,75,75,75,75,75,75,75,75,75,75,75,75,75,75,75,75,75,75,75,75,75,75,75,75,75,75,75,75,75,75,75,75,75,75,75,75,75,75,75,75,75,75],"card_choices":[{"not_picked":["Leap","Beam Cell","Conserve Battery"],"picked":"SKIP","floor":1.0},{"not_picked":["Rebound","Steam"],"picked":"Streamline","floor":4.0},{"not_picked":["Sweeping Beam","Rebound"],"picked":"Electrodynamics","floor":6.0},{"not_picked":["Sunder","Stack"],"picked":"Barrage","floor":7.0},{"not_picked":["Recycle","Sweeping Beam"],"picked":"Tempest","floor":7.0},{"not_picked":["Barrage","Hologram"],"picked":"Fission","floor":8.0},{"not_picked":["Skim","Redo"],"picked":"Go for the Eyes","floor":8.0},{"not_picked":["Ball Lightning","Rebound"],"picked":"Cold Snap","floor":12.0},{"not_picked":["Barrage","Sweeping Beam"],"picked":"Redo","floor":12.0},{"not_picked":["Turbo","Go for the Eyes"],"picked":"Glacier","floor":13.0},{"not_picked":["Go for the Eyes","Steam","Auto Shields"],"picked":"SKIP","floor":13.0},{"not_picked":["Blizzard","Gash"],"picked":"Coolheaded","floor":14.0},{"not_picked":["Lockon","All For One"],"picked":"Turbo","floor":14.0},{"not_picked":["Biased Cognition","Hyperbeam"],"picked":"Core Surge","floor":16.0},{"not_picked":["Rip and Tear+1","Rebound"],"picked":"Coolheaded","floor":18.0},{"not_picked":["Turbo","Beam Cell","Reprogram+1"],"picked":"SKIP","floor":18.0},{"not_picked":["Doom and Gloom","Rebound"],"picked":"Defragment","floor":19.0},{"not_picked":["BootSequence","Go for the Eyes"],"picked":"Blizzard","floor":19.0},{"not_picked":["Streamline","Aggregate"],"picked":"Amplify","floor":20.0},{"not_picked":["Stack","Coolheaded","Rebound"],"picked":"SKIP","floor":20.0},{"not_picked":["Barrage","Sunder"],"picked":"Ball Lightning","floor":22.0},{"not_picked":["Skim","BootSequence","Sunder+1"],"picked":"SKIP","floor":22.0},{"not_picked":["Ball Lightning","Leap"],"picked":"Thunder Strike","floor":27.0},{"not_picked":["Cold Snap","Turbo"],"picked":"Undo+1","floor":28.0},{"not_picked":["Conserve Battery","Sweeping Beam+1","Redo"],"picked":"SKIP","floor":28.0},{"not_picked":["Fusion","Lockon"],"picked":"Core Surge","floor":30.0},{"not_picked":["Compile Driver","Scrape"],"picked":"Storm","floor":31.0},{"not_picked":["Rebound","Steam","Ball Lightning+1"],"picked":"SKIP","floor":31.0},{"not_picked":["Buffer","Multi-Cast"],"picked":"Rainbow","floor":33.0},{"not_picked":["Sunder","Sweeping Beam+1"],"picked":"Fusion+1","floor":35.0},{"not_picked":["Steam Power","Cold Snap+1","Scrape"],"picked":"SKIP","floor":35.0},{"not_picked":["Coolheaded","Rip and Tear","Storm"],"picked":"SKIP","floor":37.0},{"not_picked":["Redo","Turbo","Reprogram"],"picked":"SKIP","floor":37.0},{"not_picked":["Impatience","HandOfGreed"],"picked":"Purity","floor":38.0},{"not_picked":["Sweeping Beam+1","Turbo"],"picked":"Double Energy+1","floor":39.0},{"not_picked":["Sunder+1","Coolheaded","Beam Cell"],"picked":"SKIP","floor":39.0},{"not_picked":["Streamline","Lockon+1"],"picked":"Fusion+1","floor":40.0},{"not_picked":["Heatsinks+1","Leap+1"],"picked":"Coolheaded+1","floor":41.0},{"not_picked":["Redo+1","Stack"],"picked":"Skim+1","floor":41.0},{"not_picked":["Cold Snap","Doom and Gloom"],"picked":"Creative AI","floor":44.0},{"not_picked":["Redo+1","Rip and Tear"],"picked":"Consume+1","floor":44.0},{"not_picked":["Gash","Barrage+1"],"picked":"FTL+1","floor":46.0},{"not_picked":["Consume+1","Compile Driver","Rebound"],"picked":"SKIP","floor":46.0},{"not_picked":["Cold Snap+1","Sweeping Beam+1","Recycle"],"picked":"SKIP","floor":47},{"not_picked":["Sweeping Beam","Chaos+1"],"picked":"Chill","floor":48},{"not_picked":["Barrage","Hologram+1"],"picked":"Stack","floor":48}],"player_experience":160861,"relics_obtained":[{"floor":6.0,"key":"Prayer Wheel"},{"floor":9.0,"key":"Meat on the Bone"},{"floor":21.0,"key":"Ancient Tea Set"},{"floor":26.0,"key":"MawBank"},{"floor":27.0,"key":"Bottled Tornado"},{"floor":30.0,"key":"Anchor"},{"floor":40.0,"key":"Pen Nib"},{"floor":43.0,"key":"Dead Branch"},{"floor":47,"key":"Mummified Hand"}],"event_choices":[{"damage_healed":0.0,"max_hp_gain":0.0,"max_hp_loss":0.0,"gold_gain":0.0,"event_name":"Golden Idol","player_choice":"Take Damage","floor":2.0,"gold_loss":0.0,"damage_taken":18.0,"relics_obtained":["Golden Idol"]},{"damage_healed":0.0,"max_hp_gain":0.0,"max_hp_loss":0.0,"gold_gain":0.0,"event_name":"Shining Light","player_choice":"Ignored","floor":3.0,"gold_loss":0.0,"damage_taken":0.0},{"cards_removed":["Strike_B"],"damage_healed":0.0,"max_hp_gain":0.0,"max_hp_loss":0.0,"gold_gain":0.0,"event_name":"Purifier","player_choice":"Purged","floor":5.0,"gold_loss":0.0,"damage_taken":0.0},{"damage_healed":0.0,"max_hp_gain":0.0,"max_hp_loss":0.0,"gold_gain":0.0,"event_name":"Accursed Blacksmith","player_choice":"Rummage","floor":11.0,"gold_loss":0.0,"damage_taken":0.0,"relics_obtained":["WarpedTongs"],"cards_obtained":["Pain"]},{"cards_removed":["Pain"],"damage_healed":0.0,"max_hp_gain":0.0,"max_hp_loss":0.0,"gold_gain":0.0,"event_name":"Back to Basics","player_choice":"Elegance","floor":24.0,"gold_loss":0.0,"damage_taken":0.0},{"damage_healed":0.0,"max_hp_gain":0.0,"max_hp_loss":0.0,"gold_gain":0.0,"event_name":"SensoryStone","player_choice":"Memory 2","floor":38.0,"gold_loss":0.0,"damage_taken":5.0},{"damage_healed":21.0,"max_hp_gain":0.0,"max_hp_loss":0.0,"gold_gain":0.0,"event_name":"Wheel of Change","player_choice":"Full Heal","floor":42.0,"gold_loss":0.0,"damage_taken":0.0}],"is_beta":false,"boss_relics":[{"not_picked":["Fusion Hammer","Runic Pyramid"],"picked":"Pandora\u0027s Box"},{"not_picked":["Runic Dome","Black Star"],"picked":"SlaversCollar"}],"items_purged_floors":[29,36],"is_endless":false,"potions_floor_spawned":[8,12,14,16,19,20,28,31,37,41,46,47],"ascension_level":4}