{"gold_per_floor":[113,63,77,77,91,91,16,50,50,50,50,65,65,85,85,185,185,201,201,300,113,125,125,156,156,156,156,156,174,201,76,76,172,172,188,238,252,267,267,292,342,376,401,401,401,401,419,94,94,94],"floor_reached":51,"playtime":2879,"items_purged":["Strike_B","Strike_B","Strike_B","Defend_B"],"score":1030,"play_id":"3d9b2679-ab4f-41a4-8c0f-1676af154d17","local_time":"20211024222324","is_ascension_mode":true,"campfire_choices":[{"data":"Zap","floor":6.0,"key":"SMITH"},{"data":"Hologram","floor":13.0,"key":"SMITH"},{"data":"Coolheaded","floor":15.0,"key":"SMITH"},{"data":"Defragment","floor":23.0,"key":"SMITH"},{"data":"Echo Form","floor":27.0,"key":"SMITH"},{"data":"Capacitor","floor":32.0,"key":"SMITH"},{"data":"Seek","floor":44.0,"key":"SMITH"},{"data":"Apotheosis","floor":49.0,"key":"SMITH"}],"neow_cost":"NONE","seed_source_timestamp":42937176627206,"circlet_count":0,"master_deck":["Defend_B","Defend_B","Zap+1","Dualcast","Echo Form+1","Compile Driver","Rebound","Defragment+1","Hologram+1","Coolheaded+1","Capacitor+1","Core Surge","CurseOfTheBell","Cold Snap+1","Ghostly","Ghostly","Ghostly","Ghostly","Ghostly","Purity","Undo","Ball Lightning+1","Barrage+1","Seek+1","Consume+1","Coolheaded","Loop","Turbo+1","Deep Breath","Hologram+1","Apotheosis+1"],"special_seed":0,"relics":["Cracked Core","Thread and Needle","StoneCalendar","Pantograph","Calling Bell","Pen Nib","Molten Egg 2","Ice Cream","HornCleat","Pear","Shuriken","Mango","Inserter","FossilizedHelix","Vajra","Lizard Tail","PreservedInsect"],"potions_floor_usage":[50],"damage_taken":[{"damage":4.0,"enemies":"Jaw Worm","floor":1.0,"turns":4.0},{"damage":0.0,"enemies":"2 Louse","floor":3.0,"turns":4.0},{"damage":11.0,"enemies":"Small Slimes","floor":5.0,"turns":4.0},{"damage":25.0,"enemies":"Gremlin Nob","floor":8.0,"turns":4.0},{"damage":1.0,"enemies":"Blue Slaver","floor":12.0,"turns":3.0},{"damage":5.0,"enemies":"Red Slaver","floor":14.0,"turns":3.0},{"damage":41.0,"enemies":"Slime Boss","floor":16.0,"turns":7.0},{"damage":7.0,"enemies":"Chosen","floor":18.0,"turns":5.0},{"damage":8.0,"enemies":"Shell Parasite","floor":22.0,"turns":7.0},{"damage":1.0,"enemies":"Gremlin Leader","floor":24.0,"turns":7.0},{"damage":0.0,"enemies":"3 Cultists","floor":29.0,"turns":7.0},{"damage":0.0,"enemies":"Book of Stabbing","floor":30.0,"turns":6.0},{"damage":9.0,"enemies":"Champ","floor":33.0,"turns":8.0},{"damage":0.0,"enemies":"3 Darklings","floor":35.0,"turns":7.0},{"damage":1.0,"enemies":"Mind Bloom Boss Battle","floor":36.0,"turns":7.0},{"damage":0.0,"enemies":"Orb Walker","floor":37.0,"turns":4.0},{"damage":0.0,"enemies":"4 Shapes","floor":38.0,"turns":7.0},{"damage":0.0,"enemies":"Giant Head","floor":40.0,"turns":9.0},{"damage":22.0,"enemies":"2 Orb Walkers","floor":41.0,"turns":7.0},{"damage":0.0,"enemies":"Reptomancer","floor":42.0,"turns":7.0},{"damage":0.0,"enemies":"3 Darklings","floor":47.0,"turns":6.0},{"damage":11,"enemies":"Awakened One","floor":50,"turns":11}],"seed_played":"3494695220388765582","potions_obtained":[{"floor":5.0,"key":"PotionOfCapacity"},{"floor":14.0,"key":"FearPotion"},{"floor":16.0,"key":"EntropicBrew"},{"floor":22.0,"key":"AttackPotion"},{"floor":29.0,"key":"SkillPotion"},{"floor":41.0,"key":"PotionOfCapacity"},{"floor":47.0,"key":"BlessingOfTheForge"}],"is_trial":false,"path_per_floor":["M","?","M","?","M","R","$","E","T","T","$","M","R","M","R","B",null,"M","?","?","$","M","R","E","?","T","R","?","M","E","$","R","B",null,"M","?","M","M","?","E","?","E","T","R","?","?","M","$","R","B",null],"character_chosen":"DEFECT","items_purchased":["Purity","Apotheosis"],"campfire_rested":0,"item_purchase_floors":[21,48],"current_hp_per_floor":[71,71,71,76,65,65,65,40,40,40,40,39,39,34,34,18,65,58,40,40,40,32,32,31,41,41,41,33,33,47,47,47,60,67,67,68,68,68,68,68,46,46,46,46,46,46,46,46,46,58],"gold":94,"neow_bonus":"ONE_RANDOM_RARE_CARD","is_prod":false,"is_daily":false,"chose_seed":false,"campfire_upgraded":8,"win_rate":0,"timestamp":1635085404,"path_taken":["M","?","M","?","M","R","$","E","T","?","?","M","R","M","R","BOSS","M","?","?","$","M","R","E","?","T","R","?","?","E","?","R","BOSS","M","?","M","M","?","E","?","E","T","R","?","?","M","$","R","BOSS"],"build_version":"2020-12-13","purchased_purges":4,"victory":true,"max_hp_per_floor":[75,75,75,80,80,80,80,80,80,80,80,80,80,80,80,80,80,80,40,40,40,40,40,40,50,50,50,55,55,69,69,69,69,69,69,69,69,69,69,69,69,69,69,69,69,69,69,69,69,69],"card_choices":[{"not_picked":["Sweeping Beam","Storm"],"picked":"Compile Driver","floor":1.0},{"not_picked":["Hello World","Stack"],"picked":"Rebound","floor":3.0},{"not_picked":["Redo","Capacitor"],"picked":"Defragment","floor":5.0},{"not_picked":["Cold Snap","Steam Power"],"picked":"Hologram","floor":8.0},{"not_picked":["Cold Snap","White Noise"],"picked":"Coolheaded","floor":12.0},{"not_picked":["Steam Power","Auto Shields"],"picked":"Capacitor","floor":14.0},{"not_picked":["Machine Learning","Meteor Strike"],"picked":"Core Surge","floor":16.0},{"not_picked":["Coolheaded","Conserve Battery"],"picked":"Cold Snap+1","floor":18.0},{"not_picked":["Aggregate","Streamline+1"],"picked":"Undo","floor":22.0},{"not_picked":["Chill","Heatsinks"],"picked":"Ball Lightning+1","floor":24.0},{"not_picked":["Beam Cell+1","Aggregate"],"picked":"Barrage+1","floor":29.0},{"not_picked":["Gash+1","Hello World","Leap+1"],"picked":"SKIP","floor":30.0},{"not_picked":["Hyperbeam+1","Buffer"],"picked":"Seek","floor":33.0},{"not_picked":["Sweeping Beam+1","Leap"],"picked":"Consume+1","floor":35.0},{"not_picked":["Undo+1","Redo"],"picked":"Coolheaded","floor":36.0},{"not_picked":["Rebound+1","Stack+1","Redo"],"picked":"SKIP","floor":37.0},{"not_picked":["Self Repair","Melter+1","Stack+1"],"picked":"SKIP","floor":38.0},{"not_picked":["Rebound+1","Heatsinks"],"picked":"Loop","floor":40.0},{"not_picked":["Stack+1","BootSequence+1"],"picked":"Turbo+1","floor":42.0},{"not_picked":["Sadistic Nature","Magnetism"],"picked":"Deep Breath","floor":45.0},{"not_picked":["Ball Lightning+1","Compile Driver+1"],"picked":"Hologram+1","floor":47.0}],"player_experience":186826,"relics_obtained":[{"floor":8.0,"key":"Thread and Needle"},{"floor":9.0,"key":"StoneCalendar"},{"floor":10.0,"key":"Pantograph"},{"floor":17.0,"key":"Pen Nib"},{"floor":17.0,"key":"Molten Egg 2"},{"floor":17.0,"key":"Ice Cream"},{"floor":24.0,"key":"HornCleat"},{"floor":26.0,"key":"Shuriken"},{"floor":30.0,"key":"Mango"},{"floor":36.0,"key":"FossilizedHelix"},{"floor":40.0,"key":"Vajra"},{"floor":41.0,"key":"Lizard Tail"},{"floor":43.0,"key":"PreservedInsect"}],"event_choices":[{"cards_removed":["Strike_B"],"damage_healed":0.0,"max_hp_gain":0.0,"max_hp_loss":0.0,"gold_gain":0.0,"event_name":"The Cleric","player_choice":"Card Removal","floor":2.0,"gold_loss":50.0,"damage_taken":0.0},{"damage_healed":0.0,"max_hp_gain":5.0,"max_hp_loss":0.0,"gold_gain":0.0,"event_name":"Big Fish","player_choice":"Donut","floor":4.0,"gold_loss":0.0,"damage_taken":0.0},{"damage_healed":0.0,"max_hp_gain":0.0,"max_hp_loss":40.0,"gold_gain":0.0,"event_name":"Ghosts","player_choice":"Became a Ghost","floor":19.0,"gold_loss":0.0,"damage_taken":0.0,"cards_obtained":["Ghostly","Ghostly","Ghostly","Ghostly","Ghostly"]},{"damage_healed":0.0,"max_hp_gain":0.0,"max_hp_loss":0.0,"gold_gain":99.0,"event_name":"Nest","player_choice":"Stole From Cult","floor":20.0,"gold_loss":0.0,"damage_taken":0.0},{"damage_healed":0.0,"max_hp_gain":0.0,"max_hp_loss":0.0,"gold_gain":0.0,"event_name":"The Mausoleum","player_choice":"Opened","floor":25.0,"gold_loss":0.0,"damage_taken":0.0,"relics_obtained":["Pear"]},{"damage_healed":0.0,"max_hp_gain":5.0,"max_hp_loss":0.0,"gold_gain":0.0,"event_name":"Forgotten Altar","player_choice":"Shed Blood","floor":28.0,"gold_loss":0.0,"damage_taken":13.0},{"damage_healed":0.0,"max_hp_gain":0.0,"max_hp_loss":0.0,"gold_gain":0.0,"event_name":"MindBloom","player_choice":"Fight","floor":36.0,"gold_loss":0.0,"damage_taken":0.0},{"cards_removed":["Defend_B"],"damage_healed":0.0,"max_hp_gain":0.0,"max_hp_loss":0.0,"gold_gain":0.0,"event_name":"Falling","player_choice":"Removed Skill","floor":39.0,"gold_loss":0.0,"damage_taken":0.0},{"damage_healed":0.0,"max_hp_gain":0.0,"max_hp_loss":0.0,"gold_gain":0.0,"event_name":"Mysterious Sphere","player_choice":"Fight","floor":41.0,"gold_loss":0.0,"damage_taken":0.0},{"damage_healed":0.0,"max_hp_gain":0.0,"max_hp_loss":0.0,"gold_gain":0.0,"event_name":"SensoryStone","player_choice":"Memory 1","floor":45.0,"gold_loss":0.0,"damage_taken":0.0},{"damage_healed":0.0,"max_hp_gain":0.0,"max_hp_loss":0.0,"gold_gain":0.0,"event_name":"Tomb of Lord Red Mask","player_choice":"Ignored","floor":46.0,"gold_loss":0.0,"damage_taken":0.0}],"is_beta":false,"boss_relics":[{"not_picked":["Coffee Dripper","Tiny House"],"picked":"Calling Bell"},{"not_picked":["Snecko Eye","SlaversCollar"],"picked":"Inserter"}],"items_purged_floors":[7,21,31,48],"is_endless":false,"potions_floor_spawned":[5,14,16,22,29,41,47],"ascension_level":5}