{"gold_per_floor":[110,129,1,18,18,44,44,61,61,74,94,112,112,126,126,224,224,240,240,257,257,274,274,304,321,321,321,321,221,240,258,258,363,363,380,394,394,181,194,194,206,206,255,255,255,255,267,280,280,280],"floor_reached":51,"playtime":4171,"items_purged":["Strike_R","Brutality","Defend_R+1"],"score":650,"play_id":"79c4a383-f171-4c98-b74a-84685f7db511","local_time":"20210925220406","is_ascension_mode":false,"campfire_choices":[{"data":"Sword Boomerang","floor":7,"key":"SMITH"},{"data":"Metallicize","floor":13,"key":"SMITH"},{"data":"Seeing Red","floor":15,"key":"SMITH"},{"data":"Feed","floor":23,"key":"SMITH"},{"data":"Whirlwind","floor":27,"key":"SMITH"},{"data":"Bludgeon","floor":32,"key":"SMITH"},{"data":"Mind Blast","floor":40,"key":"SMITH"},{"floor":42,"key":"REST"},{"data":"Pommel Strike","floor":44,"key":"SMITH"},{"data":"Rampage","floor":49,"key":"SMITH"}],"neow_cost":"","seed_source_timestamp":224841132197685,"circlet_count":0,"master_deck":["Strike_R+1","Strike_R+1","Strike_R+1","Strike_R+1","Defend_R+1","Defend_R+1","Defend_R+1","Rampage+1","Seeing Red+1","Shrug It Off","Clash+1","Sword Boomerang+1","Metallicize+1","Feed+1","Pommel Strike+1","Burning Pact","Bludgeon","Warcry+1","Body Slam","Combust+1","Bludgeon+1","Whirlwind+1","Iron Wave+1","CurseOfTheBell","Clothesline","Clothesline+1","Madness","Madness","Mind Blast+1","Armaments+1","Disarm"],"relics":["Burning Blood","Ancient Tea Set","Vajra","Busted Crown","Pantograph","Eternal Feather","Calling Bell","Letter Opener","Pocketwatch","Red Skull","Toy Ornithopter"],"potions_floor_usage":[16,18,24,24,33,50,50],"damage_taken":[{"damage":1,"enemies":"Cultist","floor":1,"turns":4},{"damage":2,"enemies":"2 Louse","floor":2,"turns":4},{"damage":5,"enemies":"Small Slimes","floor":4,"turns":3},{"damage":16,"enemies":"Lagavulin","floor":6,"turns":5},{"damage":0,"enemies":"Red Slaver","floor":8,"turns":2},{"damage":0,"enemies":"3 Louse","floor":10,"turns":3},{"damage":9,"enemies":"2 Fungi Beasts","floor":11,"turns":2},{"damage":1,"enemies":"Exordium Wildlife","floor":12,"turns":5},{"damage":0,"enemies":"Exordium Thugs","floor":14,"turns":3},{"damage":20,"enemies":"The Guardian","floor":16,"turns":8},{"damage":9,"enemies":"3 Byrds","floor":18,"turns":4},{"damage":21,"enemies":"2 Thieves","floor":20,"turns":4},{"damage":13,"enemies":"Centurion and Healer","floor":22,"turns":6},{"damage":46,"enemies":"Slavers","floor":24,"turns":6},{"damage":7,"enemies":"Snecko","floor":25,"turns":4},{"damage":15,"enemies":"Shelled Parasite and Fungi","floor":30,"turns":4},{"damage":7,"enemies":"Sentry and Sphere","floor":31,"turns":4},{"damage":47,"enemies":"Champ","floor":33,"turns":10},{"damage":0,"enemies":"3 Shapes","floor":35,"turns":3},{"damage":32,"enemies":"3 Darklings","floor":36,"turns":3},{"damage":55,"enemies":"Writhing Mass","floor":39,"turns":5},{"damage":25,"enemies":"Spire Growth","floor":41,"turns":4},{"damage":22,"enemies":"4 Shapes","floor":47,"turns":3},{"damage":16,"enemies":"Sphere and 2 Shapes","floor":48,"turns":4},{"damage":89,"enemies":"Awakened One","floor":50,"turns":18}],"seed_played":"1678073038147127868","potions_obtained":[{"floor":2,"key":"EssenceOfSteel"},{"floor":10,"key":"PowerPotion"},{"floor":11,"key":"EntropicBrew"},{"floor":14,"key":"FearPotion"},{"floor":16,"key":"PowerPotion"},{"floor":30,"key":"Explosive Potion"},{"floor":35,"key":"Weak Potion"},{"floor":47,"key":"HeartOfIron"}],"is_trial":false,"path_per_floor":["M","M","$","M","?","E","R","M","T","M","M","M","R","M","R","B",null,"M","?","M","?","M","R","E","M","T","R","?","$","M","M","R","B",null,"M","M","?","$","M","R","M","R","T","R","?","?","M","M","R","B",null],"character_chosen":"IRONCLAD","items_purchased":["Shrug It Off","Mind Blast"],"campfire_rested":1,"item_purchase_floors":[3,38],"current_hp_per_floor":[80,80,80,80,64,54,54,60,60,66,63,71,71,80,80,69,89,89,89,74,74,67,67,31,30,30,45,45,45,36,35,50,34,96,100,74,61,61,12,30,15,64,64,82,82,82,66,60,78,30],"gold":280,"neow_bonus":"","is_prod":false,"is_daily":false,"chose_seed":false,"campfire_upgraded":9,"win_rate":0.0,"timestamp":1632578646,"path_taken":["M","M","?","M","?","E","R","M","T","M","M","M","R","M","R","BOSS","M","?","?","?","M","R","E","M","T","R","?","?","?","M","R","BOSS","M","?","?","$","M","R","M","R","T","R","?","?","M","M","R","BOSS"],"build_version":"2020-01-27","purchased_purges":3,"victory":true,"max_hp_per_floor":[80,80,80,80,80,80,80,80,80,80,80,83,83,86,86,89,89,92,92,92,92,92,92,96,96,96,96,96,96,96,96,96,96,96,100,100,100,100,100,100,104,104,104,104,104,104,104,108,108,108],"card_choices":[{"not_picked":["Thunderclap","Perfected Strike"],"picked":"Rampage","floor":1},{"not_picked":["Reckless Charge","Flex"],"picked":"Seeing Red","floor":2},{"not_picked":["Anger","Perfected Strike"],"picked":"Clash","floor":4},{"not_picked":["Bloodletting","Iron Wave"],"picked":"Sword Boomerang","floor":6},{"not_picked":["Thunderclap","Sever Soul"],"picked":"Metallicize","floor":8},{"not_picked":["Dropkick","Rupture","Burning Pact"],"picked":"SKIP","floor":10},{"not_picked":["Headbutt","Searing Blow"],"picked":"Feed","floor":11},{"not_picked":["Battle Trance","Intimidate"],"picked":"Pommel Strike","floor":12},{"not_picked":["Thunderclap","Dark Embrace"],"picked":"Burning Pact","floor":14},{"not_picked":["Reaper","Corruption"],"picked":"Bludgeon","floor":16},{"not_picked":[],"picked":"Warcry+1","floor":18},{"not_picked":[],"picked":"Combust+1","floor":20},{"not_picked":["Hemokinesis"],"picked":"SKIP","floor":22},{"not_picked":[],"picked":"Bludgeon","floor":24},{"not_picked":[],"picked":"Whirlwind","floor":25},{"not_picked":[],"picked":"Iron Wave+1","floor":30},{"not_picked":["Second Wind"],"picked":"SKIP","floor":31},{"not_picked":[],"picked":"Clothesline","floor":35},{"not_picked":[],"picked":"Clothesline+1","floor":36},{"not_picked":[],"picked":"Armaments+1","floor":39},{"not_picked":[],"picked":"Disarm","floor":41},{"not_picked":["Dropkick+1"],"picked":"SKIP","floor":47},{"not_picked":["Warcry+1"],"picked":"SKIP","floor":48}],"player_experience":0,"relics_obtained":[{"floor":6,"key":"Ancient Tea Set"},{"floor":9,"key":"Vajra"},{"floor":24,"key":"Pantograph"},{"floor":26,"key":"Eternal Feather"},{"floor":34,"key":"Letter Opener"},{"floor":34,"key":"Pocketwatch"},{"floor":34,"key":"Red Skull"},{"floor":43,"key":"Toy Ornithopter"}],"event_choices":[{"damage_healed":0,"gold_gain":0,"player_choice":"Entered Light","damage_taken":16,"max_hp_gain":0,"max_hp_loss":0,"event_name":"Shining Light","floor":5,"gold_loss":0,"cards_upgraded":["Clash","Strike_R"]},{"damage_healed":0,"gold_gain":0,"player_choice":"2 cards matched","damage_taken":0,"max_hp_gain":0,"max_hp_loss":0,"event_name":"Match and Keep!","floor":19,"gold_loss":0,"cards_obtained":["Brutality","Body Slam"]},{"damage_healed":0,"gold_gain":0,"player_choice":"Simplicity","damage_taken":0,"max_hp_gain":0,"max_hp_loss":0,"event_name":"Back to Basics","floor":21,"gold_loss":0,"cards_upgraded":["Strike_R","Strike_R","Strike_R","Defend_R","Defend_R","Defend_R","Defend_R"]},{"damage_healed":0,"gold_gain":0,"player_choice":"Ignored","damage_taken":0,"max_hp_gain":0,"max_hp_loss":0,"event_name":"Ghosts","floor":28,"gold_loss":0},{"damage_healed":0,"gold_gain":0,"player_choice":"Embrace Madness","damage_taken":13,"max_hp_gain":0,"max_hp_loss":0,"event_name":"Winding Halls","floor":37,"gold_loss":0,"cards_obtained":["Madness","Madness"]},{"cards_removed":["Bash"],"damage_healed":0,"gold_gain":0,"player_choice":"Removed Attack","damage_taken":0,"max_hp_gain":0,"max_hp_loss":0,"event_name":"Falling","floor":45,"gold_loss":0},{"damage_healed":0,"gold_gain":0,"player_choice":"Ignored","damage_taken":0,"max_hp_gain":0,"max_hp_loss":0,"event_name":"Tomb of Lord Red Mask","floor":46,"gold_loss":0}],"is_beta":false,"boss_relics":[{"not_picked":["SacredBark","Astrolabe"],"picked":"Busted Crown"},{"not_picked":["SlaversCollar","Snecko Eye"],"picked":"Calling Bell"}],"items_purged_floors":[3,29,38],"is_endless":false,"potions_floor_spawned":[2,10,11,14,16,24,25,30,35,41,47],"ascension_level":0}