{"gold_per_floor":[16,33,33,33,58,99,99,119,119,142,165,184,184,56,56,179,179,197,197,97,117,137,137,137],"floor_reached":24,"playtime":1817,"items_purged":["Strike_R","Defend_R"],"score":300,"play_id":"8e617127-f966-4266-9871-c34c4258fc1f","local_time":"20210926004452","is_ascension_mode":false,"campfire_choices":[{"data":"Whirlwind","floor":13,"key":"SMITH"},{"floor":15,"key":"REST"},{"data":"True Grit","floor":23,"key":"SMITH"}],"neow_cost":"NO_GOLD","seed_source_timestamp":236129164329619,"circlet_count":0,"master_deck":["Strike_R","Defend_R","Bash","Iron Wave","Whirlwind+1","Dropkick","Battle Trance","Pommel Strike","Entrench","Seeing Red","Jack Of All Trades","Blood for Blood","Dual Wield","Seeing Red","Warcry","Shrug It Off","Berserk","True Grit+1","Power Through+1","Body Slam+1"],"special_seed":0,"relics":["Burning Blood","Golden Idol","Blood Vial","Bronze Scales","Empty Cage"],"potions_floor_usage":[16,21,22,24,24],"damage_taken":[{"damage":6,"enemies":"Cultist","floor":1,"turns":3},{"damage":8,"enemies":"Small Slimes","floor":2,"turns":2},{"damage":6,"enemies":"Jaw Worm","floor":5,"turns":2},{"damage":30,"enemies":"3 Sentries","floor":6,"turns":8},{"damage":29,"enemies":"Gremlin Gang","floor":8,"turns":4},{"damage":5,"enemies":"Lots of Slimes","floor":10,"turns":2},{"damage":13,"enemies":"Exordium Thugs","floor":11,"turns":5},{"damage":6,"enemies":"Large Slime","floor":12,"turns":5},{"damage":53,"enemies":"The Guardian","floor":16,"turns":7},{"damage":43,"enemies":"Spheric Guardian","floor":18,"turns":6},{"damage":14,"enemies":"Shell Parasite","floor":21,"turns":4},{"damage":20,"enemies":"Centurion and Healer","floor":22,"turns":4},{"damage":58,"enemies":"Slavers","floor":24,"turns":3}],"seed_played":"-7327388062572035336","potions_obtained":[{"floor":5,"key":"Explosive Potion"},{"floor":6,"key":"Regen Potion"},{"floor":10,"key":"Explosive Potion"},{"floor":16,"key":"BloodPotion"},{"floor":21,"key":"DistilledChaos"},{"floor":22,"key":"EntropicBrew"}],"is_trial":false,"path_per_floor":["M","M","?","?","M","E","?","M","T","M","M","M","R","$","R","B",null,"M","?","$","M","M","R","E"],"character_chosen":"IRONCLAD","items_purchased":["Shrug It Off"],"campfire_rested":1,"item_purchase_floors":[14],"current_hp_per_floor":[80,78,83,79,79,55,55,34,34,37,32,34,34,34,57,12,79,42,42,42,51,39,39,0],"gold":137,"neow_bonus":"TRANSFORM_TWO_CARDS","is_prod":false,"is_daily":false,"chose_seed":false,"campfire_upgraded":2,"win_rate":1,"timestamp":1632588292,"path_taken":["M","?","?","?","M","E","?","M","T","?","M","M","R","?","R","BOSS","M","?","$","?","?","R","E"],"build_version":"2020-01-27","purchased_purges":2,"victory":false,"max_hp_per_floor":[80,80,85,79,79,79,79,79,79,79,79,79,79,79,79,79,79,79,79,79,79,79,79,79],"card_choices":[{"not_picked":["Clash","Disarm"],"picked":"Dropkick","floor":1},{"not_picked":["Heavy Blade","True Grit"],"picked":"Battle Trance","floor":2},{"not_picked":["Intimidate","Sever Soul"],"picked":"Pommel Strike","floor":5},{"not_picked":["Impervious","Shockwave"],"picked":"Entrench","floor":6},{"not_picked":["Sword Boomerang","Perfected Strike"],"picked":"Blood for Blood","floor":8},{"not_picked":["Sever Soul","Body Slam"],"picked":"Dual Wield","floor":10},{"not_picked":["Sword Boomerang","Flex"],"picked":"Seeing Red","floor":11},{"not_picked":["Clothesline","Pommel Strike"],"picked":"Warcry","floor":12},{"not_picked":["Corruption","Limit Break"],"picked":"Berserk","floor":16},{"not_picked":["Spot Weakness","Perfected Strike"],"picked":"True Grit","floor":18},{"not_picked":["Second Wind","Body Slam"],"picked":"Power Through+1","floor":21},{"not_picked":["Pommel Strike","Warcry"],"picked":"Body Slam+1","floor":22}],"player_experience":10193,"relics_obtained":[{"floor":6,"key":"Blood Vial"},{"floor":9,"key":"Bronze Scales"}],"event_choices":[{"damage_healed":0,"gold_gain":0,"player_choice":"Donut","damage_taken":0,"max_hp_gain":5,"max_hp_loss":0,"event_name":"Big Fish","floor":3,"gold_loss":0},{"damage_healed":0,"gold_gain":0,"player_choice":"Lose Max HP","damage_taken":0,"relics_obtained":["Golden Idol"],"max_hp_gain":0,"max_hp_loss":6,"event_name":"Golden Idol","floor":4,"gold_loss":0},{"damage_healed":0,"gold_gain":0,"player_choice":"2 cards matched","damage_taken":0,"max_hp_gain":0,"max_hp_loss":0,"event_name":"Match and Keep!","floor":7,"gold_loss":0,"cards_obtained":["Seeing Red","Jack Of All Trades"]},{"cards_removed":["Strike_R"],"damage_healed":0,"gold_gain":0,"player_choice":"Card Removal","damage_taken":0,"max_hp_gain":0,"max_hp_loss":0,"event_name":"Wheel of Change","floor":19,"gold_loss":0}],"is_beta":false,"boss_relics":[{"not_picked":["Sozu","Coffee Dripper"],"picked":"Empty Cage"}],"items_purged_floors":[14,20],"is_endless":false,"potions_floor_spawned":[5,6,10,16,21,22],"killed_by":"Slavers","ascension_level":0}