{"gold_per_floor":[115,115,40,50,50,75,91,16,64,64,64,97,97,117,117,117],"floor_reached":16,"playtime":947,"items_purged":["Doubt"],"score":113,"play_id":"413a9ea9-349c-41d9-b533-0ea136817bee","local_time":"20211005220729","is_ascension_mode":true,"campfire_choices":[{"floor":10.0,"key":"REST"},{"data":"Barricade","floor":13,"key":"SMITH"},{"floor":15,"key":"REST"}],"neow_cost":"CURSE","seed_source_timestamp":59820199322324,"circlet_count":0,"master_deck":["Strike_R","Strike_R","Strike_R","Strike_R","Defend_R","Defend_R","Defend_R","Defend_R","Bash","Barricade+1","Cleave","Warcry","Flame Barrier","Rampage","Inflame","Regret","Dropkick"],"special_seed":0,"relics":["Burning Blood","Boot","Art of War","Vajra","Toy Ornithopter"],"potions_floor_usage":[12,12,16],"damage_taken":[{"damage":10.0,"enemies":"Jaw Worm","floor":1.0,"turns":6.0},{"damage":1.0,"enemies":"Cultist","floor":4.0,"turns":4.0},{"damage":56.0,"enemies":"Lagavulin","floor":6.0,"turns":13.0},{"damage":0.0,"enemies":"Small Slimes","floor":7.0,"turns":3.0},{"damage":25,"enemies":"Gremlin Nob","floor":12,"turns":4},{"damage":17,"enemies":"Gremlin Gang","floor":14,"turns":3},{"damage":62,"enemies":"Slime Boss","floor":16,"turns":11}],"seed_played":"-4143228189983942508","potions_obtained":[{"floor":2.0,"key":"GamblersBrew"},{"floor":2.0,"key":"FearPotion"},{"floor":2.0,"key":"SpeedPotion"},{"floor":6.0,"key":"Weak Potion"},{"floor":12,"key":"Ancient Potion"}],"is_trial":false,"path_per_floor":["M","?","$","M","?","E","M","$","T","R","?","E","R","M","R","B"],"character_chosen":"IRONCLAD","items_purchased":["Inflame"],"campfire_rested":2,"item_purchase_floors":[8],"current_hp_per_floor":[76,76,76,80,80,30,36,36,36,60,60,41,41,30,54,0],"gold":117,"neow_bonus":"THREE_RARE_CARDS","is_prod":false,"is_daily":false,"chose_seed":false,"campfire_upgraded":1,"win_rate":0,"timestamp":1633442849,"path_taken":["M","?","$","?","?","E","?","$","T","R","?","E","R","M","R","BOSS"],"build_version":"2020-01-27","purchased_purges":1,"victory":false,"max_hp_per_floor":[80,80,80,80,80,80,80,80,80,80,80,80,80,80,80,80],"card_choices":[{"not_picked":["Berserk","Demon Form"],"picked":"Barricade","floor":0.0},{"not_picked":["Fire Breathing","Shockwave"],"picked":"Cleave","floor":1.0},{"not_picked":["Reckless Charge","Blood for Blood"],"picked":"Warcry","floor":4.0},{"not_picked":["Pummel","Wild Strike"],"picked":"Flame Barrier","floor":6.0},{"not_picked":["Thunderclap","Flame Barrier"],"picked":"Rampage","floor":7.0},{"not_picked":["Sword Boomerang","Heavy Blade"],"picked":"Dropkick","floor":12},{"not_picked":["Twin Strike","Bloodletting","Hemokinesis"],"picked":"SKIP","floor":14}],"player_experience":84056,"relics_obtained":[{"floor":6.0,"key":"Boot"},{"floor":9.0,"key":"Art of War"},{"floor":12,"key":"Toy Ornithopter"}],"event_choices":[{"damage_healed":0.0,"max_hp_gain":0.0,"max_hp_loss":0.0,"gold_gain":0.0,"event_name":"Lab","player_choice":"Got Potions","floor":2.0,"gold_loss":0.0,"damage_taken":0.0},{"cards_removed":["Strike_R"],"damage_healed":0.0,"max_hp_gain":0.0,"max_hp_loss":0.0,"gold_gain":0.0,"event_name":"Wheel of Change","player_choice":"Card Removal","floor":5.0,"gold_loss":0.0,"damage_taken":0.0},{"damage_healed":0.0,"max_hp_gain":0.0,"max_hp_loss":0.0,"gold_gain":0.0,"event_name":"Big Fish","player_choice":"Box","floor":11.0,"gold_loss":0.0,"damage_taken":0.0,"relics_obtained":["Vajra"],"cards_obtained":["Regret"]}],"is_beta":false,"boss_relics":[],"items_purged_floors":[3],"is_endless":false,"potions_floor_spawned":[6,12],"killed_by":"Slime Boss","ascension_level":1}