{"gold_per_floor":[111,36,36,50,125,151,164,191,214,231,249,249,125,225,225,329,329,343,218,238,70,70,99,9,19,46,100,100,199,214,225,225,328,328,343,343,343,362,232,232,260,260,260,260,278,90,106,106,106,106,106,106,7,37,37],"floor_reached":56,"playtime":4765,"items_purged":["Strike_R","Strike_R","Defend_R","Strike_R","Defend_R","Defend_R","Defend_R"],"score":1249,"play_id":"e60263cf-071a-4a7b-bd1f-0a3181db1970","local_time":"20211006131243","is_ascension_mode":true,"campfire_choices":[{"data":"Armaments","floor":12.0,"key":"SMITH"},{"floor":15.0,"key":"RECALL"},{"data":"Metallicize","floor":28.0,"key":"SMITH"},{"floor":32.0,"key":"REST"},{"data":"Battle Trance","floor":40.0,"key":"SMITH"},{"data":"Inflame","floor":42.0,"key":"SMITH"},{"floor":49.0,"key":"REST"},{"data":"Offering","floor":52.0,"key":"SMITH"}],"neow_cost":"NONE","seed_source_timestamp":0,"circlet_count":0,"master_deck":["Bash","Armaments+1","Pommel Strike","Fiend Fire","Shrug It Off","Pommel Strike","Inflame+1","Offering+1","Blood for Blood+1","Battle Trance+1","Warcry","Metallicize+1","Discovery+1","True Grit+1","Flex","Juggernaut","Madness","Madness","Flame Barrier","Entrench+1","Metallicize","Panacea+1"],"special_seed":0,"relics":["Burning Blood","NeowsBlessing","Tiny Chest","Smiling Mask","Orichalcum","Philosopher\u0027s Stone","Dream Catcher","Red Skull","Regal Pillow","Busted Crown","Toxic Egg 2","Ancient Tea Set","TungstenRod","Calipers"],"potions_floor_usage":[55],"damage_taken":[{"damage":0.0,"enemies":"2 Louse","floor":1.0,"turns":1.0},{"damage":0.0,"enemies":"Small Slimes","floor":4.0,"turns":1.0},{"damage":0.0,"enemies":"3 Sentries","floor":6.0,"turns":2.0},{"damage":5.0,"enemies":"Jaw Worm","floor":7.0,"turns":5.0},{"damage":37.0,"enemies":"Lagavulin","floor":8.0,"turns":8.0},{"damage":6.0,"enemies":"Blue Slaver","floor":10.0,"turns":4.0},{"damage":9.0,"enemies":"Lots of Slimes","floor":11.0,"turns":6.0},{"damage":22.0,"enemies":"The Guardian","floor":16.0,"turns":8.0},{"damage":13.0,"enemies":"Chosen","floor":18.0,"turns":3.0},{"damage":15.0,"enemies":"Shell Parasite","floor":20.0,"turns":4.0},{"damage":35.0,"enemies":"Gremlin Leader","floor":23.0,"turns":5.0},{"damage":7.0,"enemies":"3 Cultists","floor":25.0,"turns":3.0},{"damage":6.0,"enemies":"Snecko","floor":30.0,"turns":3.0},{"damage":12.0,"enemies":"Chosen and Byrds","floor":31.0,"turns":7.0},{"damage":60.0,"enemies":"Automaton","floor":33.0,"turns":10.0},{"damage":17.0,"enemies":"Orb Walker","floor":35.0,"turns":3.0},{"damage":11.0,"enemies":"3 Darklings","floor":38.0,"turns":6.0},{"damage":6.0,"enemies":"Nemesis","floor":41.0,"turns":7.0},{"damage":50.0,"enemies":"4 Shapes","floor":45.0,"turns":4.0},{"damage":5.0,"enemies":"Writhing Mass","floor":47.0,"turns":6.0},{"damage":41.0,"enemies":"Awakened One","floor":50.0,"turns":9.0},{"damage":40.0,"enemies":"Shield and Spear","floor":54.0,"turns":5.0},{"damage":63,"enemies":"The Heart","floor":55,"turns":9}],"seed_played":"-8978721515057620927","potions_obtained":[{"floor":1.0,"key":"AttackPotion"},{"floor":4.0,"key":"PowerPotion"},{"floor":7.0,"key":"EntropicBrew"},{"floor":11.0,"key":"ElixirPotion"},{"floor":23.0,"key":"Regen Potion"},{"floor":25.0,"key":"Energy Potion"},{"floor":31.0,"key":"EssenceOfSteel"},{"floor":35.0,"key":"Dexterity Potion"},{"floor":41.0,"key":"Block Potion"},{"floor":54.0,"key":"CultistPotion"}],"is_trial":false,"path_per_floor":["M","$","?","M","?","E","M","E","T","M","M","R","$","?","R","B",null,"M","$","M","$","T","E","?","M","T","T","R","?","M","M","R","B",null,"M","?","?","M","$","R","E","R","T","T","M","$","M","?","R","B",null,"R","$","E","B",null],"character_chosen":"IRONCLAD","items_purchased":["Inflame","Battle Trance","Metallicize","Discovery","Flame Barrier","Entrench+1","Metallicize","Energy Potion"],"campfire_rested":2,"item_purchase_floors":[13,19,21,21,39,46,46,53],"current_hp_per_floor":[80,80,73,79,68,74,75,44,44,44,41,41,41,41,41,25,80,73,73,64,64,64,35,35,43,43,43,43,43,43,37,76,22,80,69,69,59,54,54,54,54,54,54,54,10,10,11,11,50,15,80,80,80,46,23],"gold":37,"neow_bonus":"THREE_ENEMY_KILL","is_prod":false,"is_daily":false,"chose_seed":false,"campfire_upgraded":5,"win_rate":0,"timestamp":1633497163,"path_taken":["M","$","?","M","?","E","M","E","T","M","?","R","$","?","R","BOSS","M","$","M","?","?","E","?","?","T","?","R","?","M","M","R","BOSS","M","?","?","M","$","R","E","R","T","?","M","$","?","?","R","BOSS","R","$","E","BOSS"],"build_version":"2020-01-27","purchased_purges":7,"victory":true,"max_hp_per_floor":[80,80,80,80,80,80,80,80,80,80,80,80,80,80,80,80,80,80,80,80,80,80,80,80,80,80,80,80,80,80,80,80,80,80,80,80,80,80,80,80,80,80,80,80,80,80,80,80,80,80,80,80,80,80,80],"card_choices":[{"not_picked":["Dual Wield","True Grit","Iron Wave"],"picked":"SKIP","floor":1.0},{"not_picked":["Thunderclap","True Grit"],"picked":"Armaments","floor":4.0},{"not_picked":["Iron Wave","Thunderclap"],"picked":"Pommel Strike","floor":6.0},{"not_picked":["Wild Strike","Pommel Strike"],"picked":"Fiend Fire","floor":7.0},{"not_picked":["Heavy Blade","Twin Strike","Anger"],"picked":"SKIP","floor":8.0},{"not_picked":["Perfected Strike","Clothesline"],"picked":"Shrug It Off","floor":10.0},{"not_picked":["Twin Strike","Intimidate"],"picked":"Pommel Strike","floor":11.0},{"not_picked":["Berserk","Feed"],"picked":"Offering","floor":16.0},{"not_picked":["Inflame","Headbutt"],"picked":"Blood for Blood+1","floor":18.0},{"not_picked":["Twin Strike","Sword Boomerang"],"picked":"Warcry","floor":20.0},{"not_picked":["Iron Wave+1","Disarm","Feel No Pain"],"picked":"SKIP","floor":23.0},{"not_picked":["Headbutt","Clash","Thunderclap"],"picked":"SKIP","floor":25.0},{"not_picked":["Clothesline","Headbutt+1"],"picked":"True Grit+1","floor":30.0},{"not_picked":["Heavy Blade","Pommel Strike+1"],"picked":"Flex","floor":31.0},{"not_picked":["Brutality","Berserk"],"picked":"Juggernaut","floor":33.0},{"not_picked":["Disarm"],"picked":"SKIP","floor":35.0},{"not_picked":["Armaments"],"picked":"SKIP","floor":38.0},{"not_picked":["Armaments+1"],"picked":"SKIP","floor":41.0},{"not_picked":["Perfected Strike+1"],"picked":"SKIP","floor":45.0},{"not_picked":["Pommel Strike+1"],"picked":"SKIP","floor":47.0},{"not_picked":[],"picked":"Panacea+1","floor":48.0},{"not_picked":["Berserk"],"picked":"SKIP","floor":54.0}],"player_experience":85003,"relics_obtained":[{"floor":6.0,"key":"Tiny Chest"},{"floor":8.0,"key":"Smiling Mask"},{"floor":9.0,"key":"Orichalcum"},{"floor":23.0,"key":"Dream Catcher"},{"floor":26.0,"key":"Red Skull"},{"floor":27.0,"key":"Regal Pillow"},{"floor":41.0,"key":"Toxic Egg 2"},{"floor":43.0,"key":"Ancient Tea Set"},{"floor":44.0,"key":"TungstenRod"},{"floor":54.0,"key":"Calipers"}],"event_choices":[{"cards_removed":["Strike_R"],"damage_healed":0.0,"max_hp_gain":0.0,"max_hp_loss":0.0,"gold_gain":0.0,"event_name":"Golden Wing","player_choice":"Card Removal","floor":3.0,"gold_loss":0.0,"damage_taken":7.0},{"damage_healed":0.0,"max_hp_gain":0.0,"max_hp_loss":0.0,"gold_gain":75.0,"event_name":"World of Goop","player_choice":"Gather Gold","floor":5.0,"gold_loss":0.0,"damage_taken":11.0},{"damage_healed":0.0,"max_hp_gain":0.0,"max_hp_loss":0.0,"gold_gain":100.0,"event_name":"Wheel of Change","player_choice":"Gold","floor":14.0,"gold_loss":0.0,"damage_taken":0.0},{"cards_removed":["Strike_R"],"damage_healed":0.0,"max_hp_gain":0.0,"max_hp_loss":0.0,"gold_gain":0.0,"event_name":"Designer","player_choice":"Upgrade and Remove","floor":24.0,"gold_loss":90.0,"damage_taken":0.0,"cards_upgraded":["Discovery"]},{"damage_healed":0.0,"max_hp_gain":0.0,"max_hp_loss":0.0,"gold_gain":99.0,"event_name":"Nest","player_choice":"Stole From Cult","floor":29.0,"gold_loss":0.0,"damage_taken":0.0},{"damage_healed":0.0,"max_hp_gain":0.0,"max_hp_loss":0.0,"gold_gain":0.0,"event_name":"Mysterious Sphere","player_choice":"Ignored","floor":36.0,"gold_loss":0.0,"damage_taken":0.0},{"damage_healed":0.0,"max_hp_gain":0.0,"max_hp_loss":0.0,"gold_gain":0.0,"event_name":"Winding Halls","player_choice":"Embrace Madness","floor":37.0,"gold_loss":0.0,"damage_taken":10.0,"cards_obtained":["Madness","Madness"]},{"damage_healed":0.0,"max_hp_gain":0.0,"max_hp_loss":0.0,"gold_gain":0.0,"event_name":"SensoryStone","player_choice":"Memory 1","floor":48.0,"gold_loss":0.0,"damage_taken":0.0}],"is_beta":false,"boss_relics":[{"not_picked":["Fusion Hammer","Cursed Key"],"picked":"Philosopher\u0027s Stone"},{"not_picked":["Black Blood","Astrolabe"],"picked":"Busted Crown"}],"items_purged_floors":[2,13,19,21,39,46,53],"is_endless":false,"potions_floor_spawned":[1,4,7,11,23,25,31,35,41,54],"ascension_level":1}