{"gold_per_floor":[110,110,185,200,213,213,213,138,138,165,185,50,67,15,15,112,112,125,125,145,45,56,56,67,84,84,109,109,123,123,135,135,230,230,247,247,297,172,172,172,172,191,191,208,58,58,76,92,92,92],"floor_reached":51,"playtime":4342,"items_purged":["Strike_R","Defend_R","Strike_R","Strike_R"],"score":733,"play_id":"9ed260b3-ab96-4439-b5cf-4f85d75811af","local_time":"20211004004207","is_ascension_mode":true,"campfire_choices":[{"data":"Pommel Strike","floor":6.0,"key":"SMITH"},{"floor":15.0,"key":"REST"},{"floor":23.0,"key":"REST"},{"floor":28.0,"key":"REST"},{"floor":30.0,"key":"REST"},{"data":"Armaments","floor":32.0,"key":"SMITH"},{"data":"Limit Break","floor":40.0,"key":"SMITH"},{"data":"Apotheosis","floor":46.0,"key":"SMITH"},{"floor":49,"key":"REST"}],"neow_cost":"NONE","seed_source_timestamp":19210833531499,"circlet_count":0,"master_deck":["Defend_R","Defend_R","Bash","Inflame","True Grit","Pommel Strike+1","Rupture","Burning Pact","Limit Break+1","Armaments+1","Offering","Heavy Blade+1","Cleave","Reaper","Seeing Red","Demon Form","Warcry","Madness","Madness","Apotheosis+1","Headbutt","Blood for Blood+1"],"special_seed":0,"relics":["Burning Blood","Mummified Hand","Darkstone Periapt","Empty Cage","Nloth\u0027s Gift","Bag of Marbles","Dream Catcher","SlaversCollar","TungstenRod","Pocketwatch"],"potions_floor_usage":[49,50,50],"damage_taken":[{"damage":0.0,"enemies":"2 Louse","floor":1.0,"turns":2.0},{"damage":5.0,"enemies":"Cultist","floor":4.0,"turns":4.0},{"damage":8.0,"enemies":"Jaw Worm","floor":5.0,"turns":4.0},{"damage":36.0,"enemies":"3 Sentries","floor":10.0,"turns":10.0},{"damage":13.0,"enemies":"Exordium Wildlife","floor":11.0,"turns":5.0},{"damage":11.0,"enemies":"Blue Slaver","floor":13.0,"turns":4.0},{"damage":50.0,"enemies":"The Guardian","floor":16.0,"turns":11.0},{"damage":55.0,"enemies":"Shell Parasite","floor":18.0,"turns":10.0},{"damage":34.0,"enemies":"2 Thieves","floor":20.0,"turns":5.0},{"damage":0.0,"enemies":"Snecko","floor":22.0,"turns":2.0},{"damage":25.0,"enemies":"Cultist and Chosen","floor":24.0,"turns":4.0},{"damage":6.0,"enemies":"Snake Plant","floor":25.0,"turns":2.0},{"damage":17.0,"enemies":"Gremlin Leader","floor":27.0,"turns":5.0},{"damage":63.0,"enemies":"3 Cultists","floor":29.0,"turns":5.0},{"damage":16.0,"enemies":"Snecko","floor":31.0,"turns":5.0},{"damage":40.0,"enemies":"Collector","floor":33.0,"turns":5.0},{"damage":33.0,"enemies":"Orb Walker","floor":35.0,"turns":4.0},{"damage":0.0,"enemies":"Mind Bloom Boss Battle","floor":37.0,"turns":5.0},{"damage":22.0,"enemies":"3 Shapes","floor":42.0,"turns":9.0},{"damage":61.0,"enemies":"3 Darklings","floor":44.0,"turns":6.0},{"damage":27.0,"enemies":"Sphere and 2 Shapes","floor":47.0,"turns":5.0},{"damage":34,"enemies":"Transient","floor":48,"turns":5},{"damage":74,"enemies":"Donu and Deca","floor":50,"turns":6}],"seed_played":"5314941243921465545","potions_obtained":[{"floor":1.0,"key":"Weak Potion"},{"floor":20.0,"key":"ColorlessPotion"},{"floor":24.0,"key":"EntropicBrew"},{"floor":29.0,"key":"Ancient Potion"},{"floor":31.0,"key":"ColorlessPotion"},{"floor":35.0,"key":"BloodPotion"},{"floor":42.0,"key":"SteroidPotion"},{"floor":47.0,"key":"Dexterity Potion"}],"is_trial":false,"path_per_floor":["M","?","?","M","M","R","?","$","T","E","M","$","M","$","R","B",null,"M","?","M","$","M","R","M","M","T","E","R","M","R","M","R","B",null,"M","?","?","$","?","R","?","M","T","M","$","R","M","M","R","B",null],"character_chosen":"IRONCLAD","items_purchased":["Limit Break","Armaments"],"campfire_rested":5,"item_purchase_floors":[12,14],"current_hp_per_floor":[80,77,69,70,68,68,61,61,68,38,31,31,26,26,52,8,87,38,38,10,10,16,42,23,23,23,12,38,17,43,33,33,17,87,69,58,87,87,87,87,78,71,71,37,37,37,26,14,57,30],"gold":92,"neow_bonus":"THREE_CARDS","is_prod":false,"is_daily":false,"chose_seed":false,"campfire_upgraded":4,"win_rate":0,"timestamp":1633279327,"path_taken":["M","?","?","M","?","R","?","?","T","E","M","$","M","?","R","BOSS","M","?","?","?","M","R","M","?","T","E","R","M","R","M","R","BOSS","M","?","?","$","?","R","?","?","T","M","$","R","M","M","R","BOSS"],"build_version":"2020-01-27","purchased_purges":4,"victory":true,"max_hp_per_floor":[80,80,80,80,80,80,80,80,87,87,87,87,87,87,87,87,87,87,87,87,87,87,87,87,87,87,87,87,87,87,87,87,87,87,87,87,87,87,87,87,87,87,87,87,87,87,87,87,87,87],"card_choices":[{"not_picked":["Dropkick","Dual Wield"],"picked":"Inflame","floor":0.0},{"not_picked":["Seeing Red","Clash"],"picked":"True Grit","floor":1.0},{"not_picked":["Dual Wield","Twin Strike","Iron Wave"],"picked":"SKIP","floor":4.0},{"not_picked":["Iron Wave","Warcry"],"picked":"Pommel Strike","floor":5.0},{"not_picked":["Pummel","Headbutt"],"picked":"Rupture","floor":10.0},{"not_picked":["Flex","Thunderclap"],"picked":"Burning Pact","floor":11.0},{"not_picked":["Iron Wave","Rupture","Thunderclap"],"picked":"SKIP","floor":13.0},{"not_picked":["Fiend Fire","Juggernaut"],"picked":"Offering","floor":16.0},{"not_picked":["Clothesline+1","True Grit"],"picked":"Twin Strike+1","floor":18.0},{"not_picked":["Warcry","Shrug It Off"],"picked":"Heavy Blade+1","floor":20.0},{"not_picked":["Hemokinesis","Warcry"],"picked":"Cleave","floor":22.0},{"not_picked":["Perfected Strike","Reckless Charge+1","Shockwave"],"picked":"SKIP","floor":24.0},{"not_picked":["Clothesline","Iron Wave","True Grit"],"picked":"SKIP","floor":25.0},{"not_picked":["Juggernaut","Offering"],"picked":"Reaper","floor":27.0},{"not_picked":["Pommel Strike","Cleave+1","Anger"],"picked":"SKIP","floor":29.0},{"not_picked":["Iron Wave","Clash"],"picked":"Seeing Red","floor":31.0},{"not_picked":["Corruption","Limit Break"],"picked":"Demon Form","floor":33.0},{"not_picked":["Heavy Blade+1","Anger+1"],"picked":"Warcry","floor":35.0},{"not_picked":["Dark Shackles","Blind"],"picked":"Apotheosis","floor":41.0},{"not_picked":["Disarm","Flame Barrier"],"picked":"Headbutt","floor":42.0},{"not_picked":["Iron Wave+1","Burning Pact+1"],"picked":"Blood for Blood+1","floor":44.0},{"not_picked":["Spot Weakness","Armaments+1","Body Slam"],"picked":"SKIP","floor":47.0},{"not_picked":["Heavy Blade+1","Perfected Strike+1","Limit Break"],"picked":"SKIP","floor":48}],"player_experience":56233,"relics_obtained":[{"floor":9.0,"key":"Strawberry"},{"floor":10.0,"key":"Darkstone Periapt"},{"floor":26.0,"key":"Bag of Marbles"},{"floor":27.0,"key":"Dream Catcher"},{"floor":37.0,"key":"TungstenRod"},{"floor":43.0,"key":"Pocketwatch"}],"event_choices":[{"damage_healed":0.0,"max_hp_gain":0.0,"max_hp_loss":0.0,"gold_gain":0.0,"event_name":"Scrap Ooze","player_choice":"Success","floor":2.0,"gold_loss":0.0,"damage_taken":3.0,"relics_obtained":["Mummified Hand"]},{"damage_healed":0.0,"max_hp_gain":0.0,"max_hp_loss":0.0,"gold_gain":75.0,"event_name":"FaceTrader","player_choice":"Touch","floor":3.0,"gold_loss":0.0,"damage_taken":8.0},{"cards_removed":["Strike_R"],"damage_healed":0.0,"max_hp_gain":0.0,"max_hp_loss":0.0,"gold_gain":0.0,"event_name":"Golden Wing","player_choice":"Card Removal","floor":7.0,"gold_loss":0.0,"damage_taken":7.0},{"damage_healed":0.0,"max_hp_gain":0.0,"max_hp_loss":0.0,"gold_gain":0.0,"event_name":"N\u0027loth","player_choice":"Traded Relic","floor":19.0,"relics_lost":["Strawberry"],"gold_loss":0.0,"damage_taken":0.0,"relics_obtained":["Nloth\u0027s Gift"]},{"damage_healed":0.0,"max_hp_gain":0.0,"max_hp_loss":0.0,"gold_gain":0.0,"event_name":"Winding Halls","player_choice":"Embrace Madness","floor":36.0,"gold_loss":0.0,"damage_taken":11.0,"cards_obtained":["Madness","Madness"]},{"damage_healed":0.0,"max_hp_gain":0.0,"max_hp_loss":0.0,"gold_gain":0.0,"event_name":"MindBloom","player_choice":"Fight","floor":37.0,"gold_loss":0.0,"damage_taken":0.0},{"cards_removed":["Twin Strike"],"damage_healed":0.0,"max_hp_gain":0.0,"max_hp_loss":0.0,"gold_gain":0.0,"event_name":"Falling","player_choice":"Removed Attack","floor":39.0,"gold_loss":0.0,"damage_taken":0.0},{"damage_healed":0.0,"max_hp_gain":0.0,"max_hp_loss":0.0,"gold_gain":0.0,"event_name":"SensoryStone","player_choice":"Memory 3","floor":41.0,"gold_loss":0.0,"damage_taken":10.0}],"is_beta":false,"boss_relics":[{"not_picked":["Tiny House","Cursed Key"],"picked":"Empty Cage"},{"not_picked":["Runic Dome","Snecko Eye"],"picked":"SlaversCollar"}],"items_purged_floors":[8,21,38,45],"is_endless":false,"potions_floor_spawned":[1,20,24,29,31,35,42,47],"ascension_level":2}