{"gold_per_floor":[362,373,220,220,238,238,273,273,273,286,286,313,323,183,183,279,279,297,297,297,172,191,191,205,205,205,233,233,233,113,130,130,229,229,248,108,127,144,161,161,194,194,217,217,217,236,271,281,281,281],"floor_reached":51,"playtime":4649,"items_purged":["Strike_R","Defend_R","Strike_R","Defend_R","Strike_R"],"score":788,"play_id":"00f04953-d16c-453d-b01b-2bc6a72fa424","local_time":"20211010233509","is_ascension_mode":true,"campfire_choices":[{"floor":6.0,"key":"DIG"},{"floor":8.0,"key":"DIG"},{"data":"Pommel Strike","floor":11.0,"key":"SMITH"},{"floor":15.0,"key":"DIG"},{"data":"Barricade","floor":23.0,"key":"SMITH"},{"floor":25.0,"key":"DIG"},{"floor":29.0,"key":"DIG"},{"floor":32.0,"key":"DIG"},{"floor":40.0,"key":"DIG"},{"floor":42.0,"key":"DIG"},{"floor":44.0,"key":"DIG"},{"floor":49.0,"key":"DIG"}],"neow_cost":"PERCENT_DAMAGE","seed_source_timestamp":308430551362937,"circlet_count":0,"master_deck":["Strike_R","Defend_R","Defend_R+1","Bash","Searing Blow","Shrug It Off+1","Reaper","Ghostly Armor","Pommel Strike+1","Barricade+1","Dual Wield+1","Metallicize","Offering+1","Pommel Strike","Battle Trance+1","Warcry+1","Headbutt","Demon Form+1","Bloodletting+1","Flame Barrier+1","Burning Pact+1","Madness+1","Madness+1","Metallicize+1"],"special_seed":0,"relics":["Burning Blood","Shovel","Happy Flower","Toxic Egg 2","Ginger","Shuriken","Darkstone Periapt","Coffee Dripper","Girya","War Paint","Akabeko","The Courier","Frozen Egg 2","Prayer Wheel","Mark of Pain","Smiling Mask","Dream Catcher","Omamori","Charon\u0027s Ashes","CeramicFish","Bag of Preparation"],"potions_floor_usage":[50,50,50],"damage_taken":[{"damage":4.0,"enemies":"2 Louse","floor":1.0,"turns":3.0},{"damage":9.0,"enemies":"Jaw Worm","floor":2.0,"turns":5.0},{"damage":0.0,"enemies":"Small Slimes","floor":5.0,"turns":3.0},{"damage":31.0,"enemies":"3 Sentries","floor":7.0,"turns":13.0},{"damage":2.0,"enemies":"2 Fungi Beasts","floor":10.0,"turns":4.0},{"damage":8.0,"enemies":"Lagavulin","floor":12.0,"turns":10.0},{"damage":11.0,"enemies":"Large Slime","floor":13.0,"turns":9.0},{"damage":30.0,"enemies":"Hexaghost","floor":16.0,"turns":10.0},{"damage":17.0,"enemies":"Spheric Guardian","floor":18.0,"turns":3.0},{"damage":6.0,"enemies":"Chosen","floor":22.0,"turns":4.0},{"damage":11.0,"enemies":"Snake Plant","floor":24.0,"turns":5.0},{"damage":8.0,"enemies":"Gremlin Leader","floor":27.0,"turns":8.0},{"damage":14.0,"enemies":"Centurion and Healer","floor":31.0,"turns":5.0},{"damage":43.0,"enemies":"Automaton","floor":33.0,"turns":13.0},{"damage":0.0,"enemies":"3 Shapes","floor":35.0,"turns":6.0},{"damage":25.0,"enemies":"3 Darklings","floor":37.0,"turns":5.0},{"damage":37.0,"enemies":"4 Shapes","floor":38.0,"turns":6.0},{"damage":19.0,"enemies":"Writhing Mass","floor":39.0,"turns":6.0},{"damage":33.0,"enemies":"Giant Head","floor":41.0,"turns":6.0},{"damage":12.0,"enemies":"Spire Growth","floor":46.0,"turns":4.0},{"damage":25.0,"enemies":"Nemesis","floor":47.0,"turns":7.0},{"damage":62.0,"enemies":"Jaw Worm Horde","floor":48.0,"turns":5.0},{"damage":67,"enemies":"Awakened One","floor":50,"turns":13}],"seed_played":"-3668280101821861519","potions_obtained":[{"floor":1.0,"key":"Weak Potion"},{"floor":2.0,"key":"SmokeBomb"},{"floor":10.0,"key":"CultistPotion"},{"floor":12.0,"key":"Dexterity Potion"},{"floor":22.0,"key":"Weak Potion"},{"floor":24.0,"key":"LiquidMemories"},{"floor":37.0,"key":"BloodPotion"},{"floor":46.0,"key":"LiquidBronze"},{"floor":47.0,"key":"DuplicationPotion"}],"is_trial":false,"path_per_floor":["M","M","$","?","M","R","E","R","T","M","R","E","M","$","R","B",null,"M","?","?","$","M","R","M","R","T","E","?","R","$","M","R","B",null,"M","$","M","M","M","R","E","R","T","R","?","M","E","M","R","B",null],"character_chosen":"IRONCLAD","items_purchased":["Reaper","Metallicize"],"campfire_rested":0,"item_purchase_floors":[3,14],"current_hp_per_floor":[58,55,55,52,58,58,45,45,45,49,49,54,53,53,53,41,80,75,75,75,75,75,75,70,70,70,77,77,77,77,80,80,43,80,80,80,80,65,55,55,80,80,80,80,70,73,65,40,40,80],"gold":281,"neow_bonus":"TWO_FIFTY_GOLD","is_prod":false,"is_daily":false,"chose_seed":false,"campfire_upgraded":2,"win_rate":0,"timestamp":1633880109,"path_taken":["M","M","$","?","M","R","E","R","T","M","R","E","M","$","R","BOSS","M","?","?","$","M","R","M","R","T","E","?","R","$","M","R","BOSS","M","$","M","M","M","R","E","R","T","R","?","M","E","M","R","BOSS"],"build_version":"2020-12-13","purchased_purges":5,"victory":true,"max_hp_per_floor":[80,80,80,80,80,80,80,80,80,80,80,80,80,80,80,80,80,80,80,80,80,80,80,80,80,80,80,80,80,80,80,80,80,80,80,80,80,80,80,80,80,80,80,80,80,80,80,80,80,80],"card_choices":[{"not_picked":["Warcry","Carnage"],"picked":"Searing Blow","floor":1.0},{"not_picked":["Sword Boomerang","Twin Strike"],"picked":"Shrug It Off","floor":2.0},{"not_picked":["Wild Strike","Hemokinesis"],"picked":"Ghostly Armor","floor":5.0},{"not_picked":["Dual Wield+1","Headbutt"],"picked":"Pommel Strike","floor":7.0},{"not_picked":["Twin Strike","Body Slam"],"picked":"Barricade","floor":10.0},{"not_picked":["Wild Strike","Twin Strike","Feel No Pain"],"picked":"SKIP","floor":12.0},{"not_picked":["Carnage","Twin Strike"],"picked":"Dual Wield+1","floor":13.0},{"not_picked":["Berserk","Reaper"],"picked":"Offering+1","floor":16.0},{"not_picked":["Heavy Blade+1","Disarm+1","Sever Soul+1"],"picked":"SKIP","floor":18.0},{"not_picked":["Disarm+1","Wild Strike+1"],"picked":"Pommel Strike","floor":22.0},{"not_picked":["Hemokinesis","Uppercut"],"picked":"Battle Trance+1","floor":24.0},{"not_picked":["Reckless Charge+1","Havoc+1"],"picked":"Warcry+1","floor":27.0},{"not_picked":["Clash","Thunderclap"],"picked":"Headbutt","floor":31.0},{"not_picked":["Corruption+1","Berserk+1"],"picked":"Demon Form+1","floor":33.0},{"not_picked":["Flex+1","Evolve+1"],"picked":"Bloodletting+1","floor":35.0},{"not_picked":["Perfected Strike","Wild Strike","Disarm+1"],"picked":"SKIP","floor":35.0},{"not_picked":["Wild Strike+1","Thunderclap+1"],"picked":"Flame Barrier+1","floor":37.0},{"not_picked":["Ghostly Armor+1","Second Wind+1","Thunderclap"],"picked":"SKIP","floor":37.0},{"not_picked":["Second Wind+1","Wild Strike"],"picked":"Burning Pact+1","floor":38.0},{"not_picked":["Perfected Strike","Immolate","Thunderclap+1"],"picked":"SKIP","floor":38.0},{"not_picked":["Warcry+1","Iron Wave+1","Clash+1"],"picked":"SKIP","floor":39.0},{"not_picked":["Wild Strike+1","Iron Wave+1","Hemokinesis"],"picked":"SKIP","floor":39.0},{"not_picked":["Heavy Blade","Warcry+1","Intimidate+1"],"picked":"SKIP","floor":41.0},{"not_picked":["Havoc+1","Power Through+1"],"picked":"Metallicize+1","floor":46.0},{"not_picked":["Anger+1","Iron Wave","Rage+1"],"picked":"SKIP","floor":46.0},{"not_picked":["Heavy Blade+1","Clash","Reckless Charge+1"],"picked":"SKIP","floor":47.0},{"not_picked":["Wild Strike","Anger","Disarm+1"],"picked":"SKIP","floor":48.0},{"not_picked":["Feed","Perfected Strike+1","Wild Strike+1"],"picked":"SKIP","floor":48.0}],"player_experience":133894,"relics_obtained":[{"floor":6.0,"key":"Happy Flower"},{"floor":7.0,"key":"Toxic Egg 2"},{"floor":8.0,"key":"Ginger"},{"floor":9.0,"key":"Shuriken"},{"floor":15.0,"key":"Darkstone Periapt"},{"floor":25.0,"key":"War Paint"},{"floor":26.0,"key":"Akabeko"},{"floor":27.0,"key":"The Courier"},{"floor":29.0,"key":"Frozen Egg 2"},{"floor":32.0,"key":"Prayer Wheel"},{"floor":40.0,"key":"Smiling Mask"},{"floor":41.0,"key":"Dream Catcher"},{"floor":42.0,"key":"Omamori"},{"floor":44.0,"key":"Charon\u0027s Ashes"},{"floor":47.0,"key":"CeramicFish"},{"floor":49.0,"key":"Bag of Preparation"}],"event_choices":[{"damage_healed":0.0,"max_hp_gain":0.0,"max_hp_loss":0.0,"gold_gain":0.0,"event_name":"Scrap Ooze","player_choice":"Success","floor":4.0,"gold_loss":0.0,"damage_taken":3.0,"relics_obtained":["Shovel"]},{"damage_healed":0.0,"max_hp_gain":0.0,"max_hp_loss":0.0,"gold_gain":0.0,"event_name":"The Mausoleum","player_choice":"Opened","floor":19.0,"gold_loss":0.0,"damage_taken":0.0,"relics_obtained":["Girya"]},{"damage_healed":0.0,"max_hp_gain":0.0,"max_hp_loss":0.0,"gold_gain":0.0,"event_name":"Vampires","player_choice":"Ignored","floor":20.0,"gold_loss":0.0,"damage_taken":0.0},{"cards_removed":["Strike_R"],"damage_healed":0.0,"max_hp_gain":0.0,"max_hp_loss":0.0,"gold_gain":0.0,"event_name":"Back to Basics","player_choice":"Elegance","floor":28.0,"gold_loss":0.0,"damage_taken":0.0},{"damage_healed":0.0,"max_hp_gain":0.0,"max_hp_loss":0.0,"gold_gain":0.0,"event_name":"Winding Halls","player_choice":"Embrace Madness","floor":45.0,"gold_loss":0.0,"damage_taken":10.0,"cards_obtained":["Madness","Madness"]}],"is_beta":false,"boss_relics":[{"not_picked":["Sozu","Black Star"],"picked":"Coffee Dripper"},{"not_picked":["Runic Cube","Philosopher\u0027s Stone"],"picked":"Mark of Pain"}],"items_purged_floors":[3,14,21,30,36],"is_endless":false,"potions_floor_spawned":[1,2,10,12,22,24,33,37,41,46,47],"ascension_level":3}