{"gold_per_floor":[119,138,63,63,63,96,96,115,115,144,144,144,319,219,219,318,318,337,337,363,379,379,379,407,446,506,518,109,109,109,123,123,219,219,232,232,252,67,79,79,90,115,115,115,135,165,387,387,387,387,387,387,49,49],"floor_reached":54,"playtime":4590,"items_purged":["Strike_R","Doubt","Defend_R","Strike_R","Strike_R"],"score":855,"play_id":"1e84535a-a9d8-4fdb-98d1-79e9b6084362","local_time":"20210930214230","is_ascension_mode":true,"campfire_choices":[{"data":"Armaments","floor":7.0,"key":"SMITH"},{"floor":11.0,"key":"RECALL"},{"data":"Barricade","floor":15.0,"key":"SMITH"},{"floor":23.0,"key":"REST"},{"floor":29.0,"key":"REST"},{"floor":32.0,"key":"REST"},{"data":"Metallicize","floor":40.0,"key":"SMITH"},{"data":"Warcry","floor":49.0,"key":"SMITH"},{"data":"Limit Break","floor":52.0,"key":"SMITH"}],"neow_cost":"NONE","seed_source_timestamp":0,"circlet_count":0,"master_deck":["Defend_R","Defend_R","Defend_R","Bash","Armaments+1","Cleave","Rampage","Barricade+1","Berserk","Iron Wave","Warcry+1","Flame Barrier+1","Body Slam","Double Tap","Metallicize+1","Pommel Strike","Entrench","Spot Weakness","Limit Break+1","Body Slam+1","Impervious"],"special_seed":0,"relics":["Burning Blood","Toy Ornithopter","Vajra","Kunai","Nunchaku","Sozu","Red Mask","MawBank","Potion Belt","Happy Flower","Juzu Bracelet","TheAbacus","Black Star","CaptainsWheel","Red Skull","Mummified Hand","Orichalcum","Charon\u0027s Ashes"],"potions_floor_usage":[],"damage_taken":[{"damage":6.0,"enemies":"Jaw Worm","floor":1.0,"turns":6.0},{"damage":5.0,"enemies":"Cultist","floor":2.0,"turns":4.0},{"damage":30.0,"enemies":"Gremlin Nob","floor":6.0,"turns":5.0},{"damage":0.0,"enemies":"2 Louse","floor":8.0,"turns":2.0},{"damage":25.0,"enemies":"Lagavulin","floor":10.0,"turns":8.0},{"damage":9.0,"enemies":"The Guardian","floor":16.0,"turns":12.0},{"damage":7.0,"enemies":"Chosen","floor":18.0,"turns":6.0},{"damage":15.0,"enemies":"Masked Bandits","floor":20.0,"turns":5.0},{"damage":15.0,"enemies":"3 Byrds","floor":21.0,"turns":6.0},{"damage":59.0,"enemies":"Slavers","floor":24.0,"turns":7.0},{"damage":21.0,"enemies":"Snake Plant","floor":31.0,"turns":4.0},{"damage":0.0,"enemies":"Automaton","floor":33.0,"turns":10.0},{"damage":28.0,"enemies":"Orb Walker","floor":35.0,"turns":5.0},{"damage":18.0,"enemies":"3 Darklings","floor":37.0,"turns":6.0},{"damage":2.0,"enemies":"Maw","floor":39.0,"turns":7.0},{"damage":22.0,"enemies":"Spire Growth","floor":41.0,"turns":5.0},{"damage":69.0,"enemies":"Reptomancer","floor":42.0,"turns":12.0},{"damage":34.0,"enemies":"Transient","floor":45.0,"turns":5.0},{"damage":48.0,"enemies":"Nemesis","floor":46.0,"turns":11.0},{"damage":65.0,"enemies":"Donu and Deca","floor":50.0,"turns":12.0},{"damage":84,"enemies":"Shield and Spear","floor":54,"turns":6}],"seed_played":"-8888694174475879914","potions_obtained":[{"floor":2.0,"key":"Dexterity Potion"},{"floor":8.0,"key":"SteroidPotion"},{"floor":10.0,"key":"Ancient Potion"},{"floor":16.0,"key":"Explosive Potion"}],"is_trial":false,"path_per_floor":["M","M","$","?","?","E","R","M","T","E","R","?","?","$","R","B",null,"M","?","?","M","?","R","E","T","T","?","$","R","?","M","R","B",null,"M","?","M","$","M","R","M","E","T","?","M","E","?","?","R","B",null,"R","$","E"],"character_chosen":"IRONCLAD","items_purchased":["Juzu Bracelet","TheAbacus","Entrench","Impervious"],"campfire_rested":3,"item_purchase_floors":[28,28,38,53],"current_hp_per_floor":[80,80,80,85,85,61,61,67,67,53,53,46,46,46,46,43,85,84,68,64,55,55,82,29,29,29,29,29,56,47,32,59,65,90,68,68,56,56,60,60,60,22,22,90,62,20,20,79,79,20,79,79,79,0],"gold":49,"neow_bonus":"RANDOM_COMMON_RELIC","is_prod":false,"is_daily":false,"chose_seed":false,"campfire_upgraded":5,"win_rate":0,"timestamp":1633009350,"path_taken":["M","M","$","?","?","E","R","?","T","E","R","?","?","$","R","BOSS","M","?","?","M","?","R","E","?","T","?","$","R","?","M","R","BOSS","M","?","M","$","M","R","M","E","T","?","M","E","?","?","R","BOSS","R","$","E"],"build_version":"2020-01-27","purchased_purges":5,"victory":false,"max_hp_per_floor":[80,80,80,85,85,85,85,85,85,85,85,85,85,85,85,85,85,85,90,90,90,90,90,90,90,90,90,90,90,90,90,90,90,90,90,90,90,90,90,90,90,90,90,90,90,90,90,79,79,79,79,79,79,79],"card_choices":[{"not_picked":["Flex","Second Wind","Thunderclap"],"picked":"SKIP","floor":1.0},{"not_picked":["Reckless Charge","Clash"],"picked":"Armaments","floor":2.0},{"not_picked":["Iron Wave","Rupture"],"picked":"Cleave","floor":6.0},{"not_picked":["Warcry","Body Slam"],"picked":"Rampage","floor":8.0},{"not_picked":["Power Through","Flex"],"picked":"Barricade","floor":10.0},{"not_picked":["Corruption","Offering"],"picked":"Berserk","floor":16.0},{"not_picked":["Infernal Blade","Hemokinesis"],"picked":"Iron Wave","floor":18.0},{"not_picked":["Whirlwind","Cleave"],"picked":"Warcry","floor":20.0},{"not_picked":["Combust+1","Perfected Strike+1"],"picked":"Flame Barrier+1","floor":21.0},{"not_picked":["Sever Soul","Inflame+1"],"picked":"Body Slam","floor":24.0},{"not_picked":["Warcry","Dropkick","Twin Strike"],"picked":"SKIP","floor":31.0},{"not_picked":["Barricade","Corruption"],"picked":"Double Tap","floor":33.0},{"not_picked":["Clothesline+1","Perfected Strike"],"picked":"Metallicize","floor":35.0},{"not_picked":["Feel No Pain+1","Cleave"],"picked":"Pommel Strike","floor":37.0},{"not_picked":["Infernal Blade","Clash"],"picked":"Spot Weakness","floor":39.0},{"not_picked":["Iron Wave","Body Slam","Perfected Strike+1"],"picked":"SKIP","floor":41.0},{"not_picked":["Double Tap","Fire Breathing"],"picked":"Limit Break","floor":42.0},{"not_picked":["Sever Soul+1","Anger"],"picked":"Body Slam+1","floor":45.0},{"not_picked":["Anger","Twin Strike+1","Sword Boomerang"],"picked":"SKIP","floor":46.0}],"player_experience":26461,"relics_obtained":[{"floor":6.0,"key":"Kunai"},{"floor":10.0,"key":"Nunchaku"},{"floor":20.0,"key":"Red Mask"},{"floor":24.0,"key":"MawBank"},{"floor":25.0,"key":"Potion Belt"},{"floor":26.0,"key":"Happy Flower"},{"floor":42.0,"key":"CaptainsWheel"},{"floor":42.0,"key":"Red Skull"},{"floor":43.0,"key":"Mummified Hand"},{"floor":46.0,"key":"Orichalcum"},{"floor":46.0,"key":"Charon\u0027s Ashes"}],"event_choices":[{"damage_healed":0.0,"max_hp_gain":5.0,"max_hp_loss":0.0,"gold_gain":0.0,"event_name":"Big Fish","player_choice":"Donut","floor":4.0,"gold_loss":0.0,"damage_taken":0.0},{"damage_healed":0.0,"max_hp_gain":0.0,"max_hp_loss":0.0,"gold_gain":0.0,"event_name":"WeMeetAgain","player_choice":"Gave Potion","floor":5.0,"gold_loss":0.0,"damage_taken":0.0,"relics_obtained":["Vajra"]},{"cards_removed":["Strike_R"],"damage_healed":0.0,"max_hp_gain":0.0,"max_hp_loss":0.0,"gold_gain":0.0,"event_name":"Golden Wing","player_choice":"Card Removal","floor":12.0,"gold_loss":0.0,"damage_taken":7.0},{"damage_healed":0.0,"max_hp_gain":0.0,"max_hp_loss":0.0,"gold_gain":175.0,"event_name":"Liars Game","player_choice":"AGREE","floor":13.0,"gold_loss":0.0,"damage_taken":0.0,"cards_obtained":["Doubt"]},{"damage_healed":0.0,"max_hp_gain":5.0,"max_hp_loss":0.0,"gold_gain":0.0,"event_name":"Forgotten Altar","player_choice":"Shed Blood","floor":19.0,"gold_loss":0.0,"damage_taken":21.0},{"damage_healed":0.0,"max_hp_gain":0.0,"max_hp_loss":0.0,"gold_gain":0.0,"event_name":"Masked Bandits","player_choice":"Fought Bandits","floor":20.0,"gold_loss":0.0,"damage_taken":0.0},{"cards_removed":["Strike_R"],"damage_healed":0.0,"max_hp_gain":0.0,"max_hp_loss":0.0,"gold_gain":0.0,"event_name":"Back to Basics","player_choice":"Elegance","floor":22.0,"gold_loss":0.0,"damage_taken":0.0},{"damage_healed":0.0,"max_hp_gain":0.0,"max_hp_loss":0.0,"gold_gain":0.0,"event_name":"Ghosts","player_choice":"Ignored","floor":27.0,"gold_loss":0.0,"damage_taken":0.0},{"damage_healed":0.0,"max_hp_gain":0.0,"max_hp_loss":0.0,"gold_gain":0.0,"event_name":"Wheel of Change","player_choice":"Damaged","floor":30.0,"gold_loss":0.0,"damage_taken":9.0},{"damage_healed":0.0,"max_hp_gain":0.0,"max_hp_loss":0.0,"gold_gain":0.0,"event_name":"Mysterious Sphere","player_choice":"Ignored","floor":36.0,"gold_loss":0.0,"damage_taken":0.0},{"damage_healed":68.0,"max_hp_gain":0.0,"max_hp_loss":0.0,"gold_gain":0.0,"event_name":"Wheel of Change","player_choice":"Full Heal","floor":44.0,"gold_loss":0.0,"damage_taken":0.0},{"damage_healed":0.0,"max_hp_gain":0.0,"max_hp_loss":0.0,"gold_gain":222.0,"event_name":"Tomb of Lord Red Mask","player_choice":"Wore Mask","floor":47.0,"gold_loss":0.0,"damage_taken":0.0},{"damage_healed":79.0,"max_hp_gain":0.0,"max_hp_loss":11.0,"gold_gain":0.0,"event_name":"The Moai Head","player_choice":"Heal","floor":48.0,"gold_loss":0.0,"damage_taken":0.0}],"is_beta":false,"boss_relics":[{"not_picked":["Cursed Key","Tiny House"],"picked":"Sozu"},{"not_picked":["Philosopher\u0027s Stone","Astrolabe"],"picked":"Black Star"}],"items_purged_floors":[3,14,28,38,53],"is_endless":false,"potions_floor_spawned":[2,8,10,16,18,21,39,41,42],"killed_by":"Shield and Spear","ascension_level":1}