{"gold_per_floor":[118,118,132,132,57,57,67,93,93,93,114,196,196,212,212,332,332,347,347,347,367,387,387,400,400,400,400,400],"floor_reached":28,"playtime":2371,"items_purged":["Pain"],"score":276,"play_id":"31bd12ff-567a-4864-8887-b904a20180c4","local_time":"20211005204433","is_ascension_mode":true,"campfire_choices":[{"data":"Metallicize","floor":6.0,"key":"SMITH"},{"data":"Pommel Strike","floor":13.0,"key":"SMITH"},{"data":"Barricade","floor":15.0,"key":"SMITH"},{"floor":23,"key":"REST"},{"data":"Armaments","floor":25,"key":"SMITH"}],"neow_cost":"NONE","seed_source_timestamp":53397880029502,"circlet_count":0,"master_deck":["Defend_R","Defend_R","Defend_R","Bash","Metallicize+1","Rampage","Pommel Strike+1","Evolve","Barricade+1","Juggernaut","Flex+1","Bite","Bite","Bite","Bite","Bite","Searing Blow+1","Armaments+1"],"special_seed":0,"relics":["Burning Blood","NeowsBlessing","WarpedTongs","StoneCalendar","The Courier","Sundial","Matryoshka","Runic Cube","Nloth\u0027s Gift","Centennial Puzzle","PreservedInsect"],"potions_floor_usage":[22,28,28],"damage_taken":[{"damage":0.0,"enemies":"2 Louse","floor":1.0,"turns":1.0},{"damage":0.0,"enemies":"Cultist","floor":3.0,"turns":1.0},{"damage":0.0,"enemies":"Small Slimes","floor":7.0,"turns":1.0},{"damage":15.0,"enemies":"3 Sentries","floor":8.0,"turns":7.0},{"damage":10.0,"enemies":"Looter","floor":11.0,"turns":4.0},{"damage":7.0,"enemies":"2 Fungi Beasts","floor":14.0,"turns":4.0},{"damage":15.0,"enemies":"Slime Boss","floor":16.0,"turns":7.0},{"damage":29.0,"enemies":"Shell Parasite","floor":18.0,"turns":6.0},{"damage":19.0,"enemies":"Spheric Guardian","floor":21.0,"turns":4.0},{"damage":59,"enemies":"3 Cultists","floor":22,"turns":6},{"damage":29,"enemies":"Chosen and Byrds","floor":24,"turns":6},{"damage":28,"enemies":"Colosseum Slavers","floor":28,"turns":4}],"seed_played":"-3441571722750428509","potions_obtained":[{"floor":1.0,"key":"ElixirPotion"},{"floor":3.0,"key":"SneckoOil"},{"floor":7.0,"key":"Swift Potion"},{"floor":11.0,"key":"Weak Potion"},{"floor":18.0,"key":"ColorlessPotion"},{"floor":22,"key":"Swift Potion"}],"is_trial":false,"path_per_floor":["M","?","M","?","$","R","M","E","T","?","M","T","R","M","R","B",null,"M","?","?","M","M","R","M","R","T","?","?"],"character_chosen":"IRONCLAD","items_purchased":[],"campfire_rested":1,"item_purchase_floors":[],"current_hp_per_floor":[80,80,80,73,73,73,79,70,70,50,46,46,46,45,45,36,80,57,56,56,53,16,32,23,23,23,23,0],"gold":400,"neow_bonus":"THREE_ENEMY_KILL","is_prod":false,"is_daily":false,"chose_seed":false,"campfire_upgraded":4,"win_rate":0,"timestamp":1633437873,"path_taken":["M","?","?","?","$","R","M","E","T","?","M","?","R","M","R","BOSS","M","?","?","M","M","R","?","R","T","?","?"],"build_version":"2020-01-27","purchased_purges":1,"victory":false,"max_hp_per_floor":[80,80,80,80,80,80,80,80,80,80,80,80,80,80,80,80,80,80,56,56,56,56,56,56,56,56,56,56],"card_choices":[{"not_picked":["Dropkick","Bloodletting"],"picked":"Metallicize","floor":1.0},{"not_picked":["Spot Weakness","Flex"],"picked":"Rampage","floor":3.0},{"not_picked":["Twin Strike","Headbutt","Clothesline"],"picked":"SKIP","floor":7.0},{"not_picked":["Iron Wave","Reckless Charge"],"picked":"Pommel Strike","floor":8.0},{"not_picked":["Ghostly Armor","Twin Strike"],"picked":"Evolve","floor":11.0},{"not_picked":["Clash","Second Wind"],"picked":"Barricade","floor":14.0},{"not_picked":["Brutality","Limit Break"],"picked":"Juggernaut","floor":16.0},{"not_picked":["Heavy Blade+1","Reckless Charge+1"],"picked":"Flex+1","floor":18.0},{"not_picked":["Battle Trance+1","Body Slam"],"picked":"Searing Blow+1","floor":21.0},{"not_picked":["Flex","Headbutt","Clash"],"picked":"SKIP","floor":22},{"not_picked":["Warcry","Spot Weakness"],"picked":"Armaments","floor":24}],"player_experience":78183,"relics_obtained":[{"floor":8.0,"key":"The Courier"},{"floor":9.0,"key":"Sundial"},{"floor":12.0,"key":"Matryoshka"},{"floor":26,"key":"Centennial Puzzle"},{"floor":26,"key":"PreservedInsect"}],"event_choices":[{"damage_healed":0.0,"max_hp_gain":0.0,"max_hp_loss":0.0,"gold_gain":0.0,"event_name":"Accursed Blacksmith","player_choice":"Rummage","floor":2.0,"gold_loss":0.0,"damage_taken":0.0,"relics_obtained":["WarpedTongs"],"cards_obtained":["Pain"]},{"damage_healed":0.0,"max_hp_gain":0.0,"max_hp_loss":0.0,"gold_gain":0.0,"event_name":"Scrap Ooze","player_choice":"Success","floor":4.0,"gold_loss":0.0,"damage_taken":7.0,"relics_obtained":["StoneCalendar"]},{"damage_healed":0.0,"max_hp_gain":0.0,"max_hp_loss":0.0,"gold_gain":0.0,"event_name":"Golden Idol","player_choice":"Take Damage","floor":10.0,"gold_loss":0.0,"damage_taken":20.0,"relics_obtained":["Golden Idol"]},{"damage_healed":0.0,"max_hp_gain":0.0,"max_hp_loss":24.0,"gold_gain":0.0,"event_name":"Vampires","player_choice":"Became a vampire","floor":19.0,"gold_loss":0.0,"damage_taken":0.0,"cards_obtained":["Bite","Bite","Bite","Bite","Bite"]},{"damage_healed":0.0,"max_hp_gain":0.0,"max_hp_loss":0.0,"gold_gain":0.0,"event_name":"N\u0027loth","player_choice":"Traded Relic","floor":20.0,"relics_lost":["Golden Idol"],"gold_loss":0.0,"damage_taken":0.0,"relics_obtained":["Nloth\u0027s Gift"]},{"cards_removed":["Defend_R"],"damage_healed":0,"gold_gain":0,"player_choice":"Elegance","damage_taken":0,"max_hp_gain":0,"max_hp_loss":0,"event_name":"Back to Basics","floor":27,"gold_loss":0},{"damage_healed":0,"gold_gain":0,"player_choice":"Fight","damage_taken":0,"max_hp_gain":0,"max_hp_loss":0,"event_name":"Colosseum","floor":28,"gold_loss":0}],"is_beta":false,"boss_relics":[{"not_picked":["Runic Pyramid","Coffee Dripper"],"picked":"Runic Cube"}],"items_purged_floors":[5],"is_endless":false,"potions_floor_spawned":[1,3,7,11,18,22],"killed_by":"Colosseum Slavers","ascension_level":3}