{"gold_per_floor":[367,367,178,190,210,210,236,236,236,262,262,262,272,147,147,247,247,267,267,366,366,385,385,260,285,311,311,330,366,366,216,216,330,330,350,368,222,280,292,292,335,91,144,161,161,161,179,206,206,206],"floor_reached":51,"playtime":4224,"items_purged":["Defend_R","Strike_R","Strike_R","Bash"],"score":944,"play_id":"03ccd282-42f0-4c31-ac39-b1391cc4f96a","local_time":"20211016144407","is_ascension_mode":true,"campfire_choices":[{"data":"Armaments","floor":6.0,"key":"SMITH"},{"data":"Dark Embrace","floor":8.0,"key":"SMITH"},{"floor":11.0,"key":"REST"},{"data":"Shockwave","floor":12.0,"key":"SMITH"},{"data":"Searing Blow","floor":15.0,"key":"SMITH"},{"data":"Metallicize","floor":23.0,"key":"SMITH"},{"data":"Searing Blow+1","floor":30.0,"key":"SMITH"},{"data":"Searing Blow+2","floor":32.0,"key":"SMITH"},{"data":"Barricade","floor":40.0,"key":"SMITH"},{"data":"Searing Blow+3","floor":46.0,"key":"SMITH"},{"data":"Searing Blow+4","floor":49.0,"key":"SMITH"}],"neow_cost":"PERCENT_DAMAGE","seed_source_timestamp":686573532402258,"circlet_count":0,"master_deck":["Defend_R","Defend_R","Defend_R","Metallicize+1","Dark Embrace+1","Searing Blow+5","Armaments+1","Second Wind","Flex","Shockwave+1","Juggernaut","Headbutt","Exhume","Pommel Strike","Shockwave","Double Tap","Ghostly","Ghostly","Ghostly","Ghostly","Ghostly","Rampage+1","Whirlwind+1","Barricade+1","Warcry+1","Purity","Finesse","Flame Barrier","Shrug It Off","Pommel Strike","Madness","Madness"],"special_seed":0,"relics":["Burning Blood","WingedGreaves","Pantograph","Potion Belt","Coffee Dripper","Meat on the Bone","CeramicFish","Sundial","Mark of Pain","Membership Card","Thread and Needle","Orichalcum","Lee\u0027s Waffle","Nunchaku","Bag of Marbles","Anchor","Gambling Chip"],"potions_floor_usage":[50],"damage_taken":[{"damage":5.0,"enemies":"Small Slimes","floor":1.0,"turns":4.0},{"damage":0.0,"enemies":"Cultist","floor":4.0,"turns":4.0},{"damage":12.0,"enemies":"Jaw Worm","floor":5.0,"turns":4.0},{"damage":28.0,"enemies":"3 Sentries","floor":7.0,"turns":10.0},{"damage":29.0,"enemies":"Gremlin Nob","floor":10.0,"turns":6.0},{"damage":16.0,"enemies":"3 Louse","floor":13.0,"turns":4.0},{"damage":22.0,"enemies":"Slime Boss","floor":16.0,"turns":10.0},{"damage":17.0,"enemies":"Shell Parasite","floor":18.0,"turns":6.0},{"damage":10.0,"enemies":"3 Byrds","floor":22.0,"turns":7.0},{"damage":9.0,"enemies":"Gremlin Leader","floor":25.0,"turns":7.0},{"damage":11.0,"enemies":"Snake Plant","floor":28.0,"turns":7.0},{"damage":2.0,"enemies":"Book of Stabbing","floor":29.0,"turns":7.0},{"damage":6.0,"enemies":"Collector","floor":33.0,"turns":9.0},{"damage":16.0,"enemies":"3 Shapes","floor":35.0,"turns":3.0},{"damage":13.0,"enemies":"2 Orb Walkers","floor":38.0,"turns":6.0},{"damage":0.0,"enemies":"Orb Walker","floor":39.0,"turns":6.0},{"damage":1.0,"enemies":"Nemesis","floor":41.0,"turns":9.0},{"damage":0.0,"enemies":"Maw","floor":44.0,"turns":8.0},{"damage":24.0,"enemies":"Giant Head","floor":48.0,"turns":9.0},{"damage":7,"enemies":"Awakened One","floor":50,"turns":11}],"seed_played":"-948884051889262223","potions_obtained":[{"floor":1.0,"key":"Weak Potion"},{"floor":7.0,"key":"ElixirPotion"},{"floor":10.0,"key":"ColorlessPotion"},{"floor":13.0,"key":"Fire Potion"},{"floor":18.0,"key":"Weak Potion"},{"floor":29.0,"key":"LiquidMemories"},{"floor":33.0,"key":"ElixirPotion"},{"floor":35.0,"key":"PowerPotion"},{"floor":39.0,"key":"SkillPotion"}],"is_trial":false,"path_per_floor":["M","?","$","M","M","R","E","R","T","E","R","R","M","$","R","B",null,"M","?","?","?","M","R","$","E","T","?","M","E","R","$","R","B",null,"M","?","$","?","M","R","E","$","T","M","?","R","?","E","R","B",null],"character_chosen":"IRONCLAD","items_purchased":["Dark Embrace","Searing Blow","Headbutt","Membership Card","Pommel Strike","Lee\u0027s Waffle","Nunchaku","Bag of Marbles"],"campfire_rested":1,"item_purchase_floors":[3,3,14,37,42,42,42,42],"current_hp_per_floor":[57,57,57,63,57,57,35,35,35,12,36,36,26,26,26,35,80,69,69,69,40,36,36,36,33,33,28,35,39,39,39,39,45,45,35,30,30,35,41,41,45,52,52,52,52,52,45,39,39,51],"gold":206,"neow_bonus":"TWO_FIFTY_GOLD","is_prod":false,"is_daily":false,"chose_seed":false,"campfire_upgraded":10,"win_rate":0,"timestamp":1634366647,"path_taken":["M","?","$","M","M","R","E","R","T","E","R","R","M","?","R","BOSS","M","?","?","?","?","R","$","E","T","?","M","E","R","$","R","BOSS","M","?","$","?","M","R","E","$","T","M","?","R","?","E","R","BOSS"],"build_version":"2020-12-13","purchased_purges":4,"victory":true,"max_hp_per_floor":[80,80,80,80,80,80,80,80,80,80,80,80,80,80,80,80,80,80,80,80,40,40,40,40,40,40,45,45,45,45,45,45,45,45,45,45,45,45,45,45,45,52,52,52,52,52,52,52,52,52],"card_choices":[{"not_picked":["Headbutt","Spot Weakness"],"picked":"Metallicize","floor":1.0},{"not_picked":["Heavy Blade","Sword Boomerang"],"picked":"Armaments","floor":4.0},{"not_picked":["Body Slam","Perfected Strike"],"picked":"Second Wind","floor":5.0},{"not_picked":["Rage","Dual Wield"],"picked":"Flex","floor":7.0},{"not_picked":["Heavy Blade","Battle Trance"],"picked":"Shockwave","floor":10.0},{"not_picked":["Sword Boomerang","Body Slam"],"picked":"Juggernaut","floor":13.0},{"not_picked":["Brutality","Corruption"],"picked":"Exhume","floor":16.0},{"not_picked":["Clothesline","Second Wind"],"picked":"Pommel Strike","floor":18.0},{"not_picked":["Clash","Iron Wave"],"picked":"Rampage+1","floor":22.0},{"not_picked":["Anger","Havoc","True Grit"],"picked":"SKIP","floor":25.0},{"not_picked":["Sever Soul","Armaments","Twin Strike"],"picked":"SKIP","floor":28.0},{"not_picked":["Shockwave","Pommel Strike"],"picked":"Whirlwind+1","floor":29.0},{"not_picked":["Bludgeon","Limit Break"],"picked":"Barricade","floor":33.0},{"not_picked":["Thunderclap","Rupture+1"],"picked":"Warcry+1","floor":35.0},{"not_picked":["Good Instincts","Trip"],"picked":"Purity","floor":36.0},{"not_picked":["Deep Breath","Mayhem"],"picked":"Finesse","floor":36.0},{"not_picked":["Perfected Strike+1","Havoc"],"picked":"Flame Barrier","floor":38.0},{"not_picked":["Hemokinesis","Flex+1","Pummel+1"],"picked":"SKIP","floor":39.0},{"not_picked":["Cleave+1","Havoc"],"picked":"Shrug It Off","floor":41.0},{"not_picked":["Rupture+1","Clash+1","Disarm+1"],"picked":"SKIP","floor":44.0},{"not_picked":["Flame Barrier+1","Barricade","Flex+1"],"picked":"SKIP","floor":48.0}],"player_experience":138543,"relics_obtained":[{"floor":7.0,"key":"WingedGreaves"},{"floor":9.0,"key":"Pantograph"},{"floor":10.0,"key":"Potion Belt"},{"floor":25.0,"key":"Meat on the Bone"},{"floor":26.0,"key":"CeramicFish"},{"floor":29.0,"key":"Sundial"},{"floor":38.0,"key":"Thread and Needle"},{"floor":41.0,"key":"Orichalcum"},{"floor":43.0,"key":"Anchor"},{"floor":48.0,"key":"Gambling Chip"}],"event_choices":[{"cards_removed":["Strike_R"],"damage_healed":0.0,"max_hp_gain":0.0,"max_hp_loss":0.0,"gold_gain":0.0,"event_name":"Bonfire Elementals","player_choice":"Offered Basic","floor":2.0,"gold_loss":0.0,"damage_taken":0.0},{"damage_healed":0.0,"max_hp_gain":0.0,"max_hp_loss":0.0,"gold_gain":0.0,"cards_transformed":["Strike_R","Strike_R"],"event_name":"Drug Dealer","player_choice":"Became Test Subject","floor":19.0,"gold_loss":0.0,"damage_taken":0.0,"cards_obtained":["Shockwave","Double Tap"]},{"damage_healed":0.0,"max_hp_gain":0.0,"max_hp_loss":0.0,"gold_gain":99.0,"event_name":"Nest","player_choice":"Stole From Cult","floor":20.0,"gold_loss":0.0,"damage_taken":0.0},{"damage_healed":0.0,"max_hp_gain":0.0,"max_hp_loss":40.0,"gold_gain":0.0,"event_name":"Ghosts","player_choice":"Became a Ghost","floor":21.0,"gold_loss":0.0,"damage_taken":0.0,"cards_obtained":["Ghostly","Ghostly","Ghostly","Ghostly","Ghostly"]},{"damage_healed":0.0,"max_hp_gain":5.0,"max_hp_loss":0.0,"gold_gain":0.0,"event_name":"Forgotten Altar","player_choice":"Shed Blood","floor":27.0,"gold_loss":0.0,"damage_taken":10.0},{"damage_healed":0.0,"max_hp_gain":0.0,"max_hp_loss":0.0,"gold_gain":0.0,"event_name":"SensoryStone","player_choice":"Memory 2","floor":36.0,"gold_loss":0.0,"damage_taken":5.0},{"damage_healed":0.0,"max_hp_gain":0.0,"max_hp_loss":0.0,"gold_gain":0.0,"event_name":"Mysterious Sphere","player_choice":"Fight","floor":38.0,"gold_loss":0.0,"damage_taken":0.0},{"damage_healed":0.0,"max_hp_gain":0.0,"max_hp_loss":0.0,"gold_gain":0.0,"event_name":"Tomb of Lord Red Mask","player_choice":"Ignored","floor":45.0,"gold_loss":0.0,"damage_taken":0.0},{"damage_healed":0.0,"max_hp_gain":0.0,"max_hp_loss":0.0,"gold_gain":0.0,"event_name":"Winding Halls","player_choice":"Embrace Madness","floor":47.0,"gold_loss":0.0,"damage_taken":7.0,"cards_obtained":["Madness","Madness"]}],"is_beta":false,"boss_relics":[{"not_picked":["Snecko Eye","Fusion Hammer"],"picked":"Coffee Dripper"},{"not_picked":["Philosopher\u0027s Stone","Empty Cage"],"picked":"Mark of Pain"}],"items_purged_floors":[3,14,24,31],"is_endless":false,"potions_floor_spawned":[1,7,10,13,18,29,33,35,39,41],"ascension_level":4}